Aggregated trade id,Price,Quantity,First breakdown trade id,Last breakdown trade id,Trade time,Maker,Ignored
67395081,0.00187960,1.86000000,81761159,81761159,1595459690265,True,True
67395082,0.00187960,2.70000000,81761160,81761160,1595459697615,True,True
67395083,0.00187960,3.25000000,81761161,81761161,1595459705833,True,True
67395084,0.00187950,3.15000000,81761162,81761162,1595459707478,True,True
67395085,0.00187950,3.16000000,81761163,81761163,1595459707621,True,True
67395086,0.00187940,4.11000000,81761164,81761164,1595459707621,True,True
67395087,0.00187970,0.26000000,81761165,81761165,1595459710191,False,True
67395088,0.00187990,3.08000000,81761166,81761166,1595459710191,False,True
67395089,0.00188000,6.38000000,81761167,81761167,1595459710191,False,True
67395090,0.00187980,2.38000000,81761168,81761168,1595459713936,False,True
67395091,0.00188000,7.34000000,81761169,81761169,1595459713936,False,True
67395092,0.00187990,0.18000000,81761170,81761170,1595459714650,True,True
67395093,0.00187990,0.09000000,81761171,81761171,1595459714659,True,True
67395094,0.00187990,3.81000000,81761172,81761172,1595459715010,True,True
67395095,0.00187980,1.41000000,81761173,81761173,1595459715010,True,True
67395096,0.00188000,0.06000000,81761174,81761174,1595459715672,False,True
67395097,0.00187950,0.28000000,81761175,81761175,1595459717321,True,True
67395098,0.00187950,3.69000000,81761176,81761176,1595459718492,True,True
67395099,0.00187940,1.60000000,81761177,81761178,1595459718492,True,True
67395100,0.00187930,2.27000000,81761179,81761179,1595459718492,True,True
67395101,0.00187880,40.74000000,81761180,81761180,1595459718492,True,True
67395102,0.00187930,2.01000000,81761181,81761181,1595459722889,False,True
67395103,0.00188000,1.10000000,81761182,81761182,1595459735177,False,True
67395104,0.00188000,8.09000000,81761183,81761183,1595459735259,False,True
67395105,0.00188000,0.12000000,81761184,81761184,1595459735352,False,True
67395106,0.00187990,0.32000000,81761185,81761185,1595459736112,False,True
67395107,0.00187990,0.46000000,81761186,81761186,1595459736208,False,True
67395108,0.00187970,2.54000000,81761187,81761187,1595459738461,True,True
67395109,0.00187960,11.31000000,81761188,81761188,1595459738461,True,True
67395110,0.00187980,0.14000000,81761189,81761189,1595459738730,False,True
67395111,0.00187960,0.22000000,81761190,81761190,1595459740268,True,True
67395112,0.00187990,0.22000000,81761191,81761191,1595459742547,False,True
67395113,0.00187960,5.94000000,81761192,81761192,1595459742724,True,True
67395114,0.00187990,0.36000000,81761193,81761193,1595459743123,False,True
67395115,0.00188000,0.02000000,81761194,81761194,1595459744017,False,True
67395116,0.00188000,0.02000000,81761195,81761195,1595459744888,False,True
67395117,0.00188000,0.60000000,81761196,81761196,1595459746961,False,True
67395118,0.00188030,5.46000000,81761197,81761197,1595459746961,False,True
67395119,0.00188020,0.15000000,81761198,81761198,1595459748147,False,True
67395120,0.00188030,9.57000000,81761199,81761199,1595459748147,False,True
67395121,0.00188030,9.72000000,81761200,81761200,1595459748718,False,True
67395122,0.00188030,9.72000000,81761201,81761201,1595459749312,False,True
67395123,0.00188030,0.07000000,81761202,81761202,1595459749361,False,True
67395124,0.00188020,0.18000000,81761203,81761203,1595459750494,True,True
67395125,0.00188020,0.22000000,81761204,81761204,1595459751463,True,True
67395126,0.00188020,0.22000000,81761205,81761205,1595459753468,True,True
67395127,0.00188030,0.21000000,81761206,81761206,1595459754094,False,True
67395128,0.00188030,15.25000000,81761207,81761207,1595459754127,False,True
67395129,0.00188090,13.89000000,81761208,81761208,1595459754127,False,True
67395130,0.00188090,4.67000000,81761209,81761209,1595459754198,False,True
67395131,0.00188090,9.71000000,81761210,81761210,1595459754721,False,True
67395132,0.00188090,9.71000000,81761211,81761211,1595459755323,False,True
67395133,0.00188070,5.06000000,81761212,81761213,1595459756176,True,True
67395134,0.00188030,2.24000000,81761214,81761214,1595459756176,True,True
67395135,0.00188080,0.22000000,81761215,81761215,1595459758470,True,True
67395136,0.00188080,0.50000000,81761216,81761216,1595459759459,True,True
67395137,0.00188080,0.22000000,81761217,81761217,1595459759470,True,True
67395138,0.00188090,0.14000000,81761218,81761218,1595459759574,False,True
67395139,0.00188090,0.20000000,81761219,81761219,1595459759797,False,True
67395140,0.00188040,0.18000000,81761220,81761220,1595459763665,True,True
67395141,0.00188060,1.94000000,81761221,81761221,1595459764588,True,True
67395142,0.00188050,1.77000000,81761222,81761222,1595459764588,True,True
67395143,0.00188030,4.65000000,81761223,81761223,1595459764588,True,True
67395144,0.00188090,6.28000000,81761224,81761224,1595459764713,False,True
67395145,0.00188080,0.50000000,81761225,81761225,1595459766211,False,True
67395146,0.00188050,1.89000000,81761226,81761226,1595459766475,True,True
67395147,0.00188040,3.78000000,81761227,81761227,1595459766475,True,True
67395148,0.00188080,0.18000000,81761228,81761228,1595459767142,False,True
67395149,0.00188050,1.84000000,81761229,81761229,1595459768639,True,True
67395150,0.00188030,3.64000000,81761230,81761231,1595459768639,True,True
67395151,0.00188030,5.48000000,81761232,81761232,1595459768639,True,True
67395152,0.00188030,5.48000000,81761233,81761233,1595459768639,True,True
67395153,0.00188030,3.12000000,81761234,81761235,1595459768640,True,True
67395154,0.00188020,2.36000000,81761236,81761236,1595459768640,True,True
67395155,0.00188020,5.48000000,81761237,81761237,1595459768640,True,True
67395156,0.00188020,5.48000000,81761238,81761238,1595459768640,True,True
67395157,0.00188020,5.48000000,81761239,81761239,1595459768640,True,True
67395158,0.00188020,5.48000000,81761240,81761240,1595459768640,True,True
67395159,0.00188020,5.48000000,81761241,81761241,1595459768640,True,True
67395160,0.00188020,5.48000000,81761242,81761242,1595459768640,True,True
67395161,0.00188020,5.48000000,81761243,81761243,1595459768640,True,True
67395162,0.00188020,5.48000000,81761244,81761244,1595459768640,True,True
67395163,0.00188020,5.48000000,81761245,81761245,1595459768641,True,True
67395164,0.00188020,21.71000000,81761246,81761247,1595459768641,True,True
67395165,0.00188020,2.84000000,81761248,81761248,1595459768641,True,True
67395166,0.00188000,2.64000000,81761249,81761249,1595459768641,True,True
67395167,0.00188000,5.48000000,81761250,81761250,1595459768642,True,True
67395168,0.00188000,5.48000000,81761251,81761251,1595459768642,True,True
67395169,0.00188000,5.48000000,81761252,81761252,1595459768642,True,True
67395170,0.00188000,5.48000000,81761253,81761253,1595459768642,True,True
67395171,0.00188000,5.48000000,81761254,81761254,1595459768642,True,True
67395172,0.00188000,5.48000000,81761255,81761255,1595459768642,True,True
67395173,0.00188000,5.48000000,81761256,81761256,1595459768642,True,True
67395174,0.00188000,5.48000000,81761257,81761257,1595459768642,True,True
67395175,0.00188000,5.48000000,81761258,81761258,1595459768643,True,True
67395176,0.00188000,5.48000000,81761259,81761259,1595459768643,True,True
67395177,0.00188000,5.48000000,81761260,81761260,1595459768643,True,True
67395178,0.00188000,5.48000000,81761261,81761261,1595459768644,True,True
67395179,0.00188000,5.48000000,81761262,81761262,1595459768644,True,True
67395180,0.00188000,5.48000000,81761263,81761263,1595459768644,True,True
67395181,0.00188000,5.48000000,81761264,81761264,1595459768644,True,True
67395182,0.00188000,5.48000000,81761265,81761265,1595459768644,True,True
67395183,0.00188000,5.48000000,81761266,81761266,1595459768644,True,True
67395184,0.00188000,5.48000000,81761267,81761267,1595459768644,True,True
67395185,0.00188000,5.48000000,81761268,81761268,1595459768644,True,True
67395186,0.00188000,5.48000000,81761269,81761269,1595459768645,True,True
67395187,0.00188000,37.17000000,81761270,81761270,1595459768646,True,True
67395188,0.00187990,56.54000000,81761271,81761271,1595459768646,True,True
67395189,0.00187970,51.25000000,81761272,81761272,1595459768646,True,True
67395190,0.00187960,1.75000000,81761273,81761273,1595459768646,True,True
67395191,0.00187960,5.48000000,81761274,81761274,1595459768646,True,True
67395192,0.00187960,5.48000000,81761275,81761275,1595459768646,True,True
67395193,0.00187960,5.48000000,81761276,81761276,1595459768647,True,True
67395194,0.00187960,5.48000000,81761277,81761277,1595459768647,True,True
67395195,0.00187960,5.48000000,81761278,81761278,1595459768647,True,True
67395196,0.00187960,5.48000000,81761279,81761279,1595459768647,True,True
67395197,0.00187960,5.48000000,81761280,81761280,1595459768647,True,True
67395198,0.00187960,5.48000000,81761281,81761281,1595459768647,True,True
67395199,0.00187960,5.48000000,81761282,81761282,1595459768647,True,True
67395200,0.00187960,5.48000000,81761283,81761283,1595459768648,True,True
67395201,0.00187960,5.48000000,81761284,81761284,1595459768649,True,True
67395202,0.00188040,1.78000000,81761285,81761285,1595459768654,True,True
67395203,0.00187960,0.06000000,81761286,81761286,1595459768654,True,True
67395204,0.00188080,18.19000000,81761287,81761287,1595459768740,False,True
67395205,0.00188090,5.40000000,81761288,81761288,1595459768740,False,True
67395206,0.00188100,2.53000000,81761289,81761290,1595459768740,False,True
67395207,0.00188140,3.01000000,81761291,81761291,1595459768740,False,True
67395208,0.00188050,0.21000000,81761292,81761292,1595459769039,False,True
67395209,0.00187970,1.73000000,81761293,81761293,1595459771596,True,True
67395210,0.00187960,4.59000000,81761294,81761294,1595459771596,True,True
67395211,0.00187980,1.01000000,81761295,81761295,1595459772533,False,True
67395212,0.00187980,0.53000000,81761296,81761296,1595459775080,False,True
67395213,0.00188000,1.77000000,81761297,81761297,1595459775276,False,True
67395214,0.00188170,1.91000000,81761298,81761300,1595459790571,False,True
67395215,0.00188160,0.12000000,81761301,81761301,1595459790660,False,True
67395216,0.00188160,2.03000000,81761302,81761302,1595459790887,False,True
67395217,0.00188170,0.97000000,81761303,81761303,1595459790887,False,True
67395218,0.00188170,1.77000000,81761304,81761304,1595459794175,False,True
67395219,0.00188190,1.00000000,81761305,81761305,1595459795558,False,True
67395220,0.00188230,2.29000000,81761306,81761306,1595459795558,False,True
67395221,0.00188250,0.24000000,81761307,81761307,1595459795558,False,True
67395222,0.00188270,0.30000000,81761308,81761308,1595459795558,False,True
67395223,0.00188280,0.56000000,81761309,81761311,1595459795558,False,True
67395224,0.00188300,3.00000000,81761312,81761312,1595459795558,False,True
67395225,0.00188310,7.65000000,81761313,81761313,1595459795558,False,True
67395226,0.00188250,15.02000000,81761314,81761314,1595459797557,False,True
67395227,0.00188230,0.86000000,81761315,81761315,1595459798557,False,True
67395228,0.00188250,11.73000000,81761316,81761316,1595459798557,False,True
67395229,0.00188260,2.37000000,81761317,81761317,1595459798557,False,True
67395230,0.00188300,0.06000000,81761318,81761318,1595459798557,False,True
67395231,0.00188200,3.17000000,81761319,81761319,1595459800078,True,True
67395232,0.00188190,1.61000000,81761320,81761320,1595459800078,True,True
67395233,0.00188060,3.87000000,81761321,81761321,1595459800078,True,True
67395234,0.00188060,18.99000000,81761322,81761322,1595459800078,True,True
67395235,0.00188050,11.81000000,81761323,81761323,1595459800078,True,True
67395236,0.00188170,0.18000000,81761324,81761324,1595459800543,False,True
67395237,0.00188170,0.25000000,81761325,81761325,1595459800626,False,True
67395238,0.00188170,0.47000000,81761326,81761326,1595459800735,False,True
67395239,0.00188170,1.34000000,81761327,81761327,1595459800915,False,True
67395240,0.00188170,0.80000000,81761328,81761328,1595459801037,False,True
67395241,0.00188170,0.13000000,81761329,81761329,1595459801101,False,True
67395242,0.00188200,0.87000000,81761330,81761330,1595459801101,False,True
67395243,0.00188250,0.06000000,81761331,81761331,1595459802030,False,True
67395244,0.00188250,0.06000000,81761332,81761332,1595459802115,False,True
67395245,0.00188230,0.21000000,81761333,81761333,1595459802955,True,True
67395246,0.00188270,0.19000000,81761334,81761334,1595459803663,False,True
67395247,0.00188270,0.44000000,81761335,81761335,1595459803774,False,True
67395248,0.00188270,0.17000000,81761336,81761336,1595459803872,False,True
67395249,0.00188200,2.06000000,81761337,81761337,1595459806957,True,True
67395250,0.00188190,2.30000000,81761338,81761338,1595459806957,True,True
67395251,0.00188100,1.60000000,81761339,81761339,1595459806957,True,True
67395252,0.00188190,2.25000000,81761340,81761340,1595459807035,True,True
67395253,0.00188210,0.12000000,81761341,81761341,1595459807094,False,True
67395254,0.00188150,2.39000000,81761342,81761342,1595459807126,True,True
67395255,0.00188100,25.39000000,81761343,81761343,1595459807126,True,True
67395256,0.00188200,5.79000000,81761344,81761344,1595459807186,False,True
67395257,0.00188150,0.12000000,81761345,81761345,1595459807415,False,True
67395258,0.00188060,1.97000000,81761346,81761346,1595459807516,True,True
67395259,0.00188040,2.17000000,81761347,81761347,1595459807516,True,True
67395260,0.00188030,48.48000000,81761348,81761348,1595459807516,True,True
67395261,0.00188000,23.31000000,81761349,81761349,1595459807516,True,True
67395262,0.00188080,4.61000000,81761350,81761350,1595459807821,False,True
67395263,0.00188020,0.12000000,81761351,81761351,1595459808045,False,True
67395264,0.00187990,1.70000000,81761352,81761352,1595459808332,False,True
67395265,0.00188120,1.70000000,81761353,81761353,1595459808352,False,True
67395266,0.00188130,20.01000000,81761354,81761355,1595459809238,False,True
67395267,0.00188130,1.50000000,81761356,81761356,1595459809552,False,True
67395268,0.00188120,0.25000000,81761357,81761357,1595459812319,False,True
67395269,0.00188100,1.66000000,81761358,81761358,1595459812871,False,True
67395270,0.00188090,2.84000000,81761359,81761359,1595459814757,False,True
67395271,0.00188090,2.00000000,81761360,81761360,1595459815716,False,True
67395272,0.00188180,1.76000000,81761361,81761361,1595459816762,False,True
67395273,0.00188190,1.06000000,81761362,81761362,1595459816762,False,True
67395274,0.00188200,2.01000000,81761363,81761363,1595459817757,False,True
67395275,0.00188220,0.81000000,81761364,81761364,1595459817757,False,True
67395276,0.00188220,0.53000000,81761365,81761365,1595459818511,False,True
67395277,0.00188210,0.06000000,81761366,81761366,1595459819336,False,True
67395278,0.00188220,1.02000000,81761367,81761368,1595459820700,False,True
67395279,0.00188180,3.07000000,81761369,81761369,1595459824066,True,True
67395280,0.00188170,1.70000000,81761370,81761370,1595459824066,True,True
67395281,0.00188060,12.40000000,81761371,81761371,1595459824066,True,True
67395282,0.00188220,3.00000000,81761372,81761372,1595459827354,False,True
67395283,0.00188200,2.27000000,81761373,81761373,1595459831456,True,True
67395284,0.00188050,2.63000000,81761374,81761374,1595459831456,True,True
67395285,0.00188040,0.68000000,81761375,81761375,1595459831456,True,True
67395286,0.00188220,4.52000000,81761376,81761376,1595459831469,False,True
67395287,0.00188220,9.71000000,81761377,81761377,1595459832371,False,True
67395288,0.00188200,2.42000000,81761378,81761378,1595459832555,True,True
67395289,0.00188230,5.48000000,81761379,81761379,1595459838179,True,True
67395290,0.00188220,15.73000000,81761380,81761380,1595459838179,True,True
67395291,0.00188290,0.65000000,81761381,81761381,1595459848835,False,True
67395292,0.00188280,2.35000000,81761382,81761382,1595459849144,True,True
67395293,0.00188270,5.68000000,81761383,81761384,1595459852955,True,True
67395294,0.00188220,8.26000000,81761385,81761386,1595459853164,True,True
67395295,0.00188190,5.57000000,81761387,81761387,1595459854258,True,True
67395296,0.00188180,13.43000000,81761388,81761389,1595459854258,True,True
67395297,0.00188210,2.27000000,81761390,81761390,1595459854744,False,True
67395298,0.00188270,0.77000000,81761391,81761391,1595459854744,False,True
67395299,0.00188280,7.56000000,81761392,81761392,1595459854744,False,True
67395300,0.00188190,5.41000000,81761393,81761393,1595459854993,True,True
67395301,0.00188180,31.22000000,81761394,81761394,1595459854993,True,True
67395302,0.00188180,5.41000000,81761395,81761395,1595459855002,True,True
67395303,0.00188120,5.39000000,81761396,81761396,1595459855662,True,True
67395304,0.00188110,1.74000000,81761397,81761397,1595459856073,False,True
67395305,0.00188150,18.19000000,81761398,81761398,1595459857960,False,True
67395306,0.00188110,5.35000000,81761399,81761399,1595459867672,False,True
67395307,0.00188190,2.37000000,81761400,81761400,1595459868713,False,True
67395308,0.00188220,0.63000000,81761401,81761401,1595459868713,False,True
67395309,0.00188200,1.00000000,81761402,81761402,1595459870874,True,True
67395310,0.00188180,2.36000000,81761403,81761403,1595459870874,True,True
67395311,0.00188150,2.16000000,81761404,81761404,1595459870874,True,True
67395312,0.00188110,51.33000000,81761405,81761405,1595459870874,True,True
67395313,0.00188170,0.35000000,81761406,81761406,1595459871464,False,True
67395314,0.00188120,2.05000000,81761407,81761407,1595459873747,False,True
67395315,0.00188200,5.95000000,81761408,81761408,1595459873747,False,True
67395316,0.00188200,0.23000000,81761409,81761409,1595459873756,False,True
67395317,0.00188030,1.08000000,81761410,81761410,1595459873763,True,True
67395318,0.00188080,0.34000000,81761411,81761411,1595459874719,False,True
67395319,0.00188000,0.67000000,81761412,81761412,1595459877076,False,True
67395320,0.00188030,2.84000000,81761413,81761413,1595459879920,False,True
67395321,0.00188010,0.18000000,81761414,81761414,1595459880900,False,True
67395322,0.00188020,57.25000000,81761415,81761415,1595459881174,False,True
67395323,0.00188040,2.11000000,81761416,81761416,1595459881186,False,True
67395324,0.00188120,9.72000000,81761417,81761417,1595459884983,True,True
67395325,0.00188080,1.57000000,81761418,81761418,1595459889885,True,True
67395326,0.00187960,4.81000000,81761419,81761419,1595459889885,True,True
67395327,0.00188090,0.28000000,81761420,81761420,1595459891131,False,True
67395328,0.00188090,0.53000000,81761421,81761421,1595459891186,False,True
67395329,0.00188040,2.34000000,81761422,81761422,1595459891881,True,True
67395330,0.00187960,4.04000000,81761423,81761423,1595459891881,True,True
67395331,0.00188000,1.68000000,81761424,81761424,1595459892880,True,True
67395332,0.00187970,4.70000000,81761425,81761425,1595459892880,True,True
67395333,0.00188050,2.20000000,81761426,81761426,1595459892974,False,True
67395334,0.00188080,4.31000000,81761427,81761427,1595459892974,False,True
67395335,0.00188090,4.54000000,81761428,81761428,1595459892974,False,True
67395336,0.00188160,15.96000000,81761429,81761429,1595459892974,False,True
67395337,0.00188040,2.20000000,81761430,81761430,1595459895145,False,True
67395338,0.00188080,1.85000000,81761431,81761431,1595459895251,False,True
67395339,0.00188080,0.67000000,81761432,81761432,1595459895456,False,True
67395340,0.00188050,5.35000000,81761433,81761433,1595459899089,False,True
67395341,0.00188060,1.40000000,81761434,81761434,1595459899089,False,True
67395342,0.00188060,4.47000000,81761435,81761435,1595459904329,False,True
67395343,0.00188090,0.94000000,81761436,81761436,1595459905066,False,True
67395344,0.00188070,0.46000000,81761437,81761437,1595459908458,False,True
67395345,0.00188060,1.69000000,81761438,81761438,1595459909276,False,True
67395346,0.00188060,0.16000000,81761439,81761439,1595459910681,False,True
67395347,0.00188050,0.43000000,81761440,81761440,1595459910889,False,True
67395348,0.00188040,5.35000000,81761441,81761441,1595459916633,False,True
67395349,0.00188090,0.64000000,81761442,81761442,1595459916633,False,True
67395350,0.00188040,1.78000000,81761443,81761443,1595459920879,True,True
67395351,0.00188010,0.28000000,81761444,81761444,1595459920879,True,True
67395352,0.00187970,46.66000000,81761445,81761446,1595459920879,True,True
67395353,0.00188060,0.06000000,81761447,81761447,1595459920923,False,True
67395354,0.00188090,1.64000000,81761448,81761449,1595459920923,False,True
67395355,0.00188100,2.91000000,81761450,81761450,1595459920923,False,True
67395356,0.00188120,46.72000000,81761451,81761451,1595459920923,False,True
67395357,0.00188030,0.68000000,81761452,81761452,1595459922632,True,True
67395358,0.00188050,1.65000000,81761453,81761453,1595459925997,True,True
67395359,0.00188030,0.32000000,81761454,81761454,1595459926112,False,True
67395360,0.00188010,2.24000000,81761455,81761455,1595459930967,True,True
67395361,0.00188000,0.13000000,81761456,81761456,1595459931025,False,True
67395362,0.00187990,3.47000000,81761457,81761457,1595459932644,True,True
67395363,0.00187980,2.82000000,81761458,81761458,1595459932644,True,True
67395364,0.00187980,1.58000000,81761459,81761459,1595459935270,False,True
67395365,0.00187990,5.30000000,81761460,81761460,1595459935579,False,True
67395366,0.00188000,1.03000000,81761461,81761461,1595459935673,False,True
67395367,0.00188000,0.49000000,81761462,81761462,1595459935957,False,True
67395368,0.00187960,2.64000000,81761463,81761463,1595459936516,True,True
67395369,0.00187980,0.43000000,81761464,81761464,1595459936531,False,True
67395370,0.00187960,1.84000000,81761465,81761465,1595459936759,True,True
67395371,0.00187960,106.92000000,81761466,81761466,1595459936772,True,True
67395372,0.00187920,2.37000000,81761467,81761467,1595459936904,True,True
67395373,0.00187890,0.09000000,81761468,81761468,1595459937004,True,True
67395374,0.00187880,0.26000000,81761469,81761469,1595459937004,True,True
67395375,0.00187860,6.03000000,81761470,81761470,1595459937004,True,True
67395376,0.00187880,1.64000000,81761471,81761471,1595459937163,False,True
67395377,0.00187880,0.59000000,81761472,81761472,1595459937251,False,True
67395378,0.00187890,1.48000000,81761473,81761473,1595459937572,False,True
67395379,0.00187850,11.50000000,81761474,81761475,1595459938165,True,True
67395380,0.00187880,1.92000000,81761476,81761476,1595459942290,False,True
67395381,0.00187870,0.18000000,81761477,81761477,1595459942435,False,True
67395382,0.00187900,0.41000000,81761478,81761478,1595459946621,False,True
67395383,0.00187890,5.35000000,81761479,81761479,1595459947817,False,True
67395384,0.00187900,2.10000000,81761480,81761480,1595459948017,False,True
67395385,0.00187980,0.41000000,81761481,81761481,1595459950570,False,True
67395386,0.00188000,4.17000000,81761482,81761483,1595459967818,False,True
67395387,0.00188010,1.89000000,81761484,81761484,1595459969357,False,True
67395388,0.00188060,4.66000000,81761485,81761485,1595459969357,False,True
67395389,0.00187970,0.28000000,81761486,81761486,1595459971227,True,True
67395390,0.00187960,5.35000000,81761487,81761487,1595459971227,True,True
67395391,0.00187950,2.26000000,81761488,81761488,1595459971227,True,True
67395392,0.00187860,0.11000000,81761489,81761489,1595459971227,True,True
67395393,0.00188030,8.37000000,81761490,81761490,1595459981989,False,True
67395394,0.00188050,47.50000000,81761491,81761491,1595459982027,False,True
67395395,0.00188050,68.33000000,81761492,81761492,1595459982031,False,True
67395396,0.00188080,3.14000000,81761493,81761493,1595459982160,False,True
67395397,0.00188140,0.31000000,81761494,81761494,1595459982283,False,True
67395398,0.00188110,1.88000000,81761495,81761495,1595459982755,True,True
67395399,0.00188130,2.40000000,81761496,81761496,1595459982929,True,True
67395400,0.00188100,1.58000000,81761497,81761497,1595459983094,True,True
67395401,0.00188010,1.63000000,81761498,81761498,1595459983485,True,True
67395402,0.00188000,2.47000000,81761499,81761499,1595459983827,False,True
67395403,0.00187980,0.10000000,81761500,81761500,1595459983843,True,True
67395404,0.00187980,1.95000000,81761501,81761501,1595459983941,False,True
67395405,0.00187960,6.00000000,81761502,81761502,1595459984931,True,True
67395406,0.00187960,6.09000000,81761503,81761503,1595459984959,True,True
67395407,0.00187960,4.67000000,81761504,81761504,1595459985020,True,True
67395408,0.00187950,5.74000000,81761505,81761506,1595459985140,True,True
67395409,0.00187960,0.30000000,81761507,81761507,1595459985566,False,True
67395410,0.00187940,0.52000000,81761508,81761508,1595459985741,False,True
67395411,0.00187940,0.32000000,81761509,81761509,1595459985881,False,True
67395412,0.00187960,0.84000000,81761510,81761510,1595459986179,False,True
67395413,0.00187970,0.07000000,81761511,81761511,1595459986372,False,True
67395414,0.00187900,4.09000000,81761512,81761513,1595459987857,True,True
67395415,0.00187920,0.44000000,81761514,81761514,1595459990275,False,True
67395416,0.00187920,0.06000000,81761515,81761515,1595459990505,False,True
67395417,0.00187910,0.56000000,81761516,81761516,1595459990718,False,True
67395418,0.00187840,0.34000000,81761517,81761518,1595459991009,True,True
67395419,0.00187830,17.66000000,81761519,81761519,1595459991009,True,True
67395420,0.00187830,6.37000000,81761520,81761520,1595459991681,True,True
67395421,0.00187830,48.35000000,81761521,81761521,1595459991693,True,True
67395422,0.00187820,1.00000000,81761522,81761522,1595459991693,True,True
67395423,0.00187800,59.43000000,81761523,81761524,1595459991741,True,True
67395424,0.00187770,0.19000000,81761525,81761525,1595459991842,True,True
67395425,0.00187750,0.07000000,81761526,81761526,1595459991842,True,True
67395426,0.00187740,1.34000000,81761527,81761528,1595459991842,True,True
67395427,0.00187720,0.24000000,81761529,81761529,1595459992776,True,True
67395428,0.00187700,6.14000000,81761530,81761531,1595459992776,True,True
67395429,0.00187820,0.08000000,81761532,81761532,1595459993428,True,True
67395430,0.00187860,0.51000000,81761533,81761533,1595459993831,False,True
67395431,0.00187720,3.17000000,81761534,81761534,1595459994082,True,True
67395432,0.00187810,0.91000000,81761535,81761535,1595459996174,False,True
67395433,0.00187810,0.28000000,81761536,81761536,1595459996274,False,True
67395434,0.00187770,0.11000000,81761537,81761537,1595460004765,False,True
67395435,0.00187760,24.25000000,81761538,81761539,1595460004888,False,True
67395436,0.00187760,8.08000000,81761540,81761540,1595460007930,False,True
67395437,0.00187740,50.00000000,81761541,81761542,1595460011387,True,True
67395438,0.00187750,3.41000000,81761543,81761543,1595460012038,True,True
67395439,0.00187810,12.84000000,81761544,81761544,1595460013823,False,True
67395440,0.00187820,99.87000000,81761545,81761545,1595460013823,False,True
67395441,0.00187830,50.00000000,81761546,81761546,1595460013823,False,True
67395442,0.00187890,56.83000000,81761547,81761547,1595460013823,False,True
67395443,0.00187900,3.33000000,81761548,81761548,1595460013823,False,True
67395444,0.00187920,51.56000000,81761549,81761550,1595460013823,False,True
67395445,0.00187930,126.96000000,81761551,81761552,1595460013823,False,True
67395446,0.00187950,1.61000000,81761553,81761553,1595460013823,False,True
67395447,0.00187960,112.05000000,81761554,81761554,1595460013823,False,True
67395448,0.00187970,368.76000000,81761555,81761555,1595460013823,False,True
67395449,0.00187980,208.46000000,81761556,81761557,1595460013823,False,True
67395450,0.00187830,0.19000000,81761558,81761558,1595460014650,True,True
67395451,0.00187830,0.09000000,81761559,81761559,1595460014659,True,True
67395452,0.00187830,0.09000000,81761560,81761560,1595460014670,True,True
67395453,0.00187970,1.89000000,81761561,81761561,1595460018350,False,True
67395454,0.00187970,0.81000000,81761562,81761562,1595460020170,False,True
67395455,0.00187930,85.97000000,81761563,81761565,1595460021354,True,True
67395456,0.00187930,4.06000000,81761566,81761566,1595460021400,True,True
67395457,0.00187940,5.35000000,81761567,81761567,1595460021762,True,True
67395458,0.00187930,6.27000000,81761568,81761568,1595460021762,True,True
67395459,0.00187920,27.03000000,81761569,81761570,1595460021762,True,True
67395460,0.00187900,11.35000000,81761571,81761571,1595460021762,True,True
67395461,0.00187970,3.22000000,81761572,81761573,1595460030970,True,True
67395462,0.00187960,24.61000000,81761574,81761574,1595460030970,True,True
67395463,0.00187950,0.10000000,81761575,81761575,1595460030970,True,True
67395464,0.00187930,20.63000000,81761576,81761576,1595460030970,True,True
67395465,0.00187930,6.86000000,81761577,81761577,1595460030973,True,True
67395466,0.00187930,3.12000000,81761578,81761578,1595460030976,True,True
67395467,0.00187930,3.06000000,81761579,81761579,1595460031343,True,True
67395468,0.00187920,4.59000000,81761580,81761580,1595460031343,True,True
67395469,0.00187990,0.50000000,81761581,81761581,1595460032213,True,True
67395470,0.00188110,0.20000000,81761582,81761582,1595460034298,False,True
67395471,0.00188170,0.23000000,81761583,81761583,1595460039289,False,True
67395472,0.00188130,0.06000000,81761584,81761584,1595460039566,True,True
67395473,0.00188170,0.01000000,81761585,81761585,1595460040273,False,True
67395474,0.00188190,5.25000000,81761586,81761587,1595460040273,False,True
67395475,0.00188250,0.54000000,81761588,81761589,1595460042471,False,True
67395476,0.00188250,0.30000000,81761590,81761590,1595460045256,False,True
67395477,0.00188060,0.12000000,81761591,81761591,1595460050666,True,True
67395478,0.00188150,0.08000000,81761592,81761592,1595460051342,False,True
67395479,0.00188100,1.97000000,81761593,81761593,1595460052736,False,True
67395480,0.00188130,40.45000000,81761594,81761594,1595460052736,False,True
67395481,0.00188130,0.07000000,81761595,81761595,1595460053412,False,True
67395482,0.00188080,2.87000000,81761596,81761596,1595460058508,False,True
67395483,0.00188110,1.74000000,81761597,81761597,1595460058508,False,True
67395484,0.00188120,0.39000000,81761598,81761598,1595460058508,False,True
67395485,0.00188050,2.12000000,81761599,81761599,1595460062087,True,True
67395486,0.00188030,0.10000000,81761600,81761600,1595460070595,True,True
67395487,0.00188050,3.34000000,81761601,81761601,1595460075111,False,True
67395488,0.00188050,1.83000000,81761602,81761602,1595460076492,False,True
67395489,0.00188080,0.07000000,81761603,81761603,1595460080622,False,True
67395490,0.00188070,0.53000000,81761604,81761604,1595460081998,False,True
67395491,0.00188070,5.05000000,81761605,81761606,1595460082439,False,True
67395492,0.00188030,1.47000000,81761607,81761607,1595460086575,True,True
67395493,0.00188030,1.98000000,81761608,81761608,1595460089184,False,True
67395494,0.00188090,0.25000000,81761609,81761609,1595460089184,False,True
67395495,0.00188000,0.10000000,81761610,81761610,1595460094001,True,True
67395496,0.00187930,0.12000000,81761611,81761611,1595460094210,False,True
67395497,0.00187870,0.45000000,81761612,81761612,1595460095228,False,True
67395498,0.00187840,5.64000000,81761613,81761613,1595460097575,False,True
67395499,0.00187820,0.13000000,81761614,81761614,1595460100830,True,True
67395500,0.00187840,0.01000000,81761615,81761615,1595460103466,False,True
67395501,0.00187850,0.99000000,81761616,81761616,1595460103466,False,True
67395502,0.00187820,0.07000000,81761617,81761617,1595460104666,True,True
67395503,0.00187840,1.00000000,81761618,81761618,1595460105556,False,True
67395504,0.00187840,0.60000000,81761619,81761619,1595460112410,False,True
67395505,0.00187880,0.09000000,81761620,81761620,1595460112676,True,True
67395506,0.00187930,0.11000000,81761621,81761621,1595460114291,True,True
67395507,0.00188000,0.06000000,81761622,81761622,1595460119578,False,True
67395508,0.00187970,2.02000000,81761623,81761623,1595460121014,False,True
67395509,0.00187960,5.21000000,81761624,81761625,1595460121122,False,True
67395510,0.00187930,1.48000000,81761626,81761626,1595460121910,True,True
67395511,0.00188030,0.11000000,81761627,81761627,1595460128667,False,True
67395512,0.00188000,0.80000000,81761628,81761628,1595460136586,False,True
67395513,0.00188020,1.55000000,81761629,81761629,1595460136586,False,True
67395514,0.00188070,0.65000000,81761630,81761630,1595460136586,False,True
67395515,0.00188030,1.98000000,81761631,81761631,1595460137621,True,True
67395516,0.00188030,0.45000000,81761632,81761632,1595460140233,False,True
67395517,0.00188050,0.10000000,81761633,81761633,1595460142651,False,True
67395518,0.00188000,1.85000000,81761634,81761634,1595460144401,True,True
67395519,0.00188040,0.21000000,81761635,81761635,1595460146333,False,True
67395520,0.00188000,0.13000000,81761636,81761636,1595460146379,True,True
67395521,0.00187990,0.08000000,81761637,81761637,1595460147296,True,True
67395522,0.00187990,0.75000000,81761638,81761638,1595460148227,True,True
67395523,0.00187990,0.33000000,81761639,81761639,1595460148440,True,True
67395524,0.00187970,0.09000000,81761640,81761640,1595460151594,True,True
67395525,0.00187970,0.09000000,81761641,81761641,1595460156435,True,True
67395526,0.00188010,0.20000000,81761642,81761642,1595460159555,False,True
67395527,0.00188000,10.99000000,81761643,81761643,1595460164141,False,True
67395528,0.00188020,4.19000000,81761644,81761644,1595460164335,False,True
67395529,0.00188040,0.58000000,81761645,81761645,1595460165092,False,True
67395530,0.00188070,0.24000000,81761646,81761646,1595460172400,False,True
67395531,0.00188060,3.56000000,81761647,81761647,1595460172667,True,True
67395532,0.00188050,3.27000000,81761648,81761648,1595460172667,True,True
67395533,0.00188060,5.21000000,81761649,81761649,1595460173937,True,True
67395534,0.00188070,9.01000000,81761650,81761651,1595460176835,False,True
67395535,0.00188100,1.93000000,81761652,81761652,1595460176835,False,True
67395536,0.00188140,29.06000000,81761653,81761653,1595460176835,False,True
67395537,0.00188100,0.93000000,81761654,81761654,1595460181337,False,True
67395538,0.00188140,0.92000000,81761655,81761655,1595460192580,False,True
67395539,0.00188200,3.79000000,81761656,81761658,1595460192580,False,True
67395540,0.00188210,0.06000000,81761659,81761659,1595460192580,False,True
67395541,0.00188250,28.84000000,81761660,81761661,1595460192580,False,True
67395542,0.00188240,4.50000000,81761662,81761663,1595460194580,False,True
67395543,0.00188250,29.11000000,81761664,81761664,1595460194580,False,True
67395544,0.00188220,0.18000000,81761665,81761665,1595460194735,True,True
67395545,0.00188240,2.36000000,81761666,81761666,1595460195585,False,True
67395546,0.00188250,1.53000000,81761667,81761667,1595460195585,False,True
67395547,0.00188270,16.05000000,81761668,81761668,1595460195585,False,True
67395548,0.00188280,13.67000000,81761669,81761670,1595460195585,False,True
67395549,0.00188220,1.57000000,81761671,81761671,1595460195954,True,True
67395550,0.00188190,0.08000000,81761672,81761672,1595460196234,True,True
67395551,0.00188190,1.10000000,81761673,81761673,1595460196422,True,True
67395552,0.00188200,2.00000000,81761674,81761674,1595460198354,True,True
67395553,0.00188150,0.13000000,81761675,81761675,1595460201348,True,True
67395554,0.00188150,0.10000000,81761676,81761676,1595460203898,True,True
67395555,0.00188180,2.09000000,81761677,81761677,1595460205338,False,True
67395556,0.00188200,2.45000000,81761678,81761678,1595460205446,False,True
67395557,0.00188180,1.54000000,81761679,81761679,1595460206992,True,True
67395558,0.00188150,0.97000000,81761680,81761680,1595460208053,True,True
67395559,0.00188130,0.06000000,81761681,81761681,1595460208160,True,True
67395560,0.00188110,1.07000000,81761682,81761682,1595460210182,False,True
67395561,0.00188110,3.58000000,81761683,81761683,1595460210275,False,True
67395562,0.00188050,0.10000000,81761684,81761684,1595460215379,True,True
67395563,0.00188090,2.83000000,81761685,81761685,1595460220091,False,True
67395564,0.00188090,7.17000000,81761686,81761686,1595460224130,True,True
67395565,0.00188190,0.96000000,81761687,81761687,1595460237481,True,True
67395566,0.00188190,0.07000000,81761688,81761688,1595460241898,False,True
67395567,0.00188140,1.35000000,81761689,81761689,1595460241956,True,True
67395568,0.00188160,1.91000000,81761690,81761690,1595460243523,False,True
67395569,0.00188210,2.84000000,81761691,81761691,1595460243523,False,True
67395570,0.00188220,14.75000000,81761692,81761692,1595460243523,False,True
67395571,0.00188170,115.38000000,81761693,81761693,1595460249927,True,True
67395572,0.00188160,2.18000000,81761694,81761694,1595460249927,True,True
67395573,0.00188090,4.54000000,81761695,81761695,1595460249927,True,True
67395574,0.00188070,57.04000000,81761696,81761696,1595460249927,True,True
67395575,0.00188060,23.75000000,81761697,81761697,1595460249927,True,True
67395576,0.00188170,0.16000000,81761698,81761698,1595460252941,False,True
67395577,0.00188170,0.06000000,81761699,81761699,1595460253092,False,True
67395578,0.00188120,0.12000000,81761700,81761700,1595460256182,True,True
67395579,0.00188150,1.69000000,81761701,81761701,1595460259783,False,True
67395580,0.00188180,1.31000000,81761702,81761702,1595460259783,False,True
