id,price,qty,quoteQty,time,isBuyerMaker,isBestMatch
82035174,0.00204610,10.00000000,0.02046100,1595708965059,False,True
82035175,0.00204630,0.15000000,0.00030694,1595708967731,False,True
82035176,0.00204610,51.96000000,0.10631535,1595708970898,True,True
82035177,0.00204630,0.98000000,0.00200537,1595708974473,False,True
82035178,0.00204640,0.52000000,0.00106412,1595708974473,False,True
82035179,0.00204620,0.58000000,0.00118679,1595708979906,False,True
82035180,0.00204630,0.42000000,0.00085944,1595708979906,False,True
82035181,0.00204600,4.58000000,0.00937068,1595708983586,True,True
82035182,0.00204560,2.00000000,0.00409120,1595708983586,True,True
82035183,0.00204530,23.32000000,0.04769639,1595708983586,True,True
82035184,0.00204540,107.26000000,0.21938960,1595708983838,True,True
82035185,0.00204600,5.10000000,0.01043460,1595708984079,False,True
82035186,0.00204550,2.24000000,0.00458192,1595708990464,True,True
82035187,0.00204520,3.77000000,0.00771040,1595708990464,True,True
82035188,0.00204520,131.87000000,0.26970052,1595708991313,True,True
82035189,0.00204510,356.37000000,0.72881228,1595708991313,True,True
82035190,0.00204540,135.37000000,0.27688579,1595708995607,False,True
82035191,0.00204560,2.00000000,0.00409120,1595708997399,False,True
82035192,0.00204520,78.34000000,0.16022096,1595709005724,True,True
82035193,0.00204530,0.73000000,0.00149306,1595709009671,True,True
82035194,0.00204600,0.93000000,0.00190278,1595709015755,False,True
82035195,0.00204530,76.49000000,0.15644499,1595709017015,True,True
82035196,0.00204600,0.05000000,0.00010230,1595709020000,False,True
82035197,0.00204610,0.05000000,0.00010230,1595709022080,False,True
82035198,0.00204580,0.27000000,0.00055236,1595709025933,False,True
82035199,0.00204620,0.13000000,0.00026600,1595709027017,False,True
82035200,0.00204620,24.30000000,0.04972266,1595709028544,False,True
82035201,0.00204630,37.89000000,0.07753430,1595709028544,False,True
82035202,0.00204630,0.13000000,0.00026601,1595709030230,False,True
82035203,0.00204590,0.25000000,0.00051147,1595709036817,False,True
82035204,0.00204590,99.52000000,0.20360796,1595709036853,False,True
82035205,0.00204570,0.37000000,0.00075690,1595709037303,True,True
82035206,0.00204600,6.01000000,0.01229646,1595709038640,False,True
82035207,0.00204600,1.47000000,0.00300762,1595709039291,False,True
82035208,0.00204600,48.21000000,0.09863766,1595709039401,False,True
82035209,0.00204600,11.40000000,0.02332440,1595709039522,False,True
82035210,0.00204600,1.75000000,0.00358050,1595709039998,False,True
82035211,0.00204600,2.73000000,0.00558558,1595709040013,False,True
82035212,0.00204600,6.99000000,0.01430154,1595709040106,False,True
82035213,0.00204600,1.74000000,0.00356004,1595709041391,False,True
82035214,0.00204600,0.22000000,0.00045012,1595709041496,False,True
82035215,0.00204600,97.84000000,0.20018064,1595709042225,False,True
82035216,0.00204600,1.27000000,0.00259842,1595709042849,False,True
82035217,0.00204600,0.29000000,0.00059334,1595709043736,False,True
82035218,0.00204600,30.70000000,0.06281220,1595709044672,False,True
82035219,0.00204610,63.71000000,0.13035703,1595709045179,False,True
82035220,0.00204620,0.12000000,0.00024554,1595709049120,False,True
82035221,0.00204630,10.33000000,0.02113827,1595709049140,False,True
82035222,0.00204650,2.19000000,0.00448183,1595709049195,False,True
82035223,0.00204690,3.18000000,0.00650914,1595709049278,False,True
82035224,0.00204690,66.82000000,0.13677385,1595709049278,False,True
82035225,0.00204700,2.17000000,0.00444199,1595709050527,True,True
82035226,0.00204630,17.12000000,0.03503265,1595709050527,True,True
82035227,0.00204630,25.68000000,0.05254898,1595709050527,True,True
82035228,0.00204610,120.73000000,0.24702565,1595709050542,False,True
82035229,0.00204610,70.00000000,0.14322700,1595709050594,False,True
82035230,0.00204610,140.00000000,0.28645400,1595709050598,False,True
82035231,0.00204610,115.05000000,0.23540380,1595709050606,False,True
82035232,0.00204730,52.25000000,0.10697142,1595709050739,False,True
82035233,0.00204710,2.11000000,0.00431938,1595709053679,True,True
82035234,0.00204700,2.22000000,0.00454434,1595709054086,True,True
82035235,0.00204700,1.99000000,0.00407353,1595709054181,True,True
82035236,0.00204700,2.18000000,0.00446246,1595709054284,True,True
82035237,0.00204590,29.00000000,0.05933110,1595709054850,True,True
82035238,0.00204590,0.49000000,0.00100249,1595709054850,True,True
82035239,0.00204580,0.05000000,0.00010229,1595709054850,True,True
82035240,0.00204580,0.02000000,0.00004091,1595709055677,False,True
82035241,0.00204530,107.59000000,0.22005382,1595709056217,True,True
82035242,0.00204520,0.26000000,0.00053175,1595709056222,True,True
82035243,0.00204510,7.80000000,0.01595178,1595709056222,True,True
82035244,0.00204540,0.09000000,0.00018408,1595709056495,False,True
82035245,0.00204510,15.33000000,0.03135138,1595709057004,True,True
82035246,0.00204510,15.79000000,0.03229212,1595709058519,True,True
82035247,0.00204530,2.18000000,0.00445875,1595709058685,False,True
82035248,0.00204530,3.17000000,0.00648360,1595709058689,False,True
82035249,0.00204530,34.24000000,0.07003107,1595709058689,False,True
82035250,0.00204530,69.55000000,0.14225061,1595709058689,False,True
82035251,0.00204530,12.96000000,0.02650708,1595709058689,False,True
82035252,0.00204660,3.25000000,0.00665145,1595709061658,False,True
82035253,0.00204670,27.75000000,0.05679592,1595709061658,False,True
82035254,0.00204640,64.81000000,0.13262718,1595709064913,False,True
82035255,0.00204650,0.91000000,0.00186231,1595709068050,False,True
82035256,0.00204640,1.00000000,0.00204640,1595709069631,False,True
82035257,0.00204660,0.06000000,0.00012279,1595709071223,False,True
82035258,0.00204520,35.18000000,0.07195013,1595709071323,True,True
82035259,0.00204520,105.71000000,0.21619809,1595709071386,True,True
82035260,0.00204510,82.72000000,0.16917067,1595709071504,True,True
82035261,0.00204510,1.22000000,0.00249502,1595709071504,True,True
82035262,0.00204510,0.98000000,0.00200419,1595709071504,True,True
82035263,0.00204500,3.00000000,0.00613500,1595709071523,True,True
82035264,0.00204500,1.47000000,0.00300615,1595709071523,True,True
82035265,0.00204500,0.10000000,0.00020450,1595709071523,True,True
82035266,0.00204500,65.43000000,0.13380435,1595709071523,True,True
82035267,0.00204500,70.00000000,0.14315000,1595709071527,True,True
82035268,0.00204500,148.73000000,0.30415285,1595709071534,True,True
82035269,0.00204500,2.62000000,0.00535790,1595709071542,True,True
82035270,0.00204500,5.86000000,0.01198370,1595709071566,True,True
82035271,0.00204500,6.70000000,0.01370150,1595709071590,True,True
82035272,0.00204500,14.17000000,0.02897765,1595709071590,True,True
82035273,0.00204500,35.18000000,0.07194310,1595709071603,True,True
82035274,0.00204600,89.78000000,0.18368988,1595709072269,False,True
82035275,0.00204600,4.71000000,0.00963666,1595709072718,False,True
82035276,0.00204490,0.18000000,0.00036808,1595709073954,True,True
82035277,0.00204490,1.22000000,0.00249477,1595709073954,True,True
82035278,0.00204490,1.22000000,0.00249477,1595709073954,True,True
82035279,0.00204480,0.45000000,0.00092016,1595709073958,True,True
82035280,0.00204480,6.00000000,0.01226880,1595709073958,True,True
82035281,0.00204480,4.70000000,0.00961056,1595709073958,True,True
82035282,0.00204480,9.24000000,0.01889395,1595709073958,True,True
82035283,0.00204480,0.48000000,0.00098150,1595709073958,True,True
82035284,0.00204460,0.07000000,0.00014312,1595709073993,True,True
82035285,0.00204460,0.21000000,0.00042936,1595709073993,True,True
82035286,0.00204460,0.71000000,0.00145166,1595709073993,True,True
82035287,0.00204460,0.37000000,0.00075650,1595709073993,True,True
82035288,0.00204450,0.32000000,0.00065424,1595709073993,True,True
82035289,0.00204450,0.19000000,0.00038845,1595709074118,True,True
82035290,0.00204450,0.67000000,0.00136981,1595709074118,True,True
82035291,0.00204440,2.50000000,0.00511100,1595709074118,True,True
82035292,0.00204420,35.18000000,0.07191495,1595709074360,True,True
82035293,0.00204420,0.11000000,0.00022486,1595709074360,True,True
82035294,0.00204420,1.74000000,0.00355690,1595709074360,True,True
82035295,0.00204420,5.86000000,0.01197901,1595709074573,True,True
82035296,0.00204420,35.19000000,0.07193539,1595709074601,True,True
82035297,0.00204420,26.04000000,0.05323096,1595709076967,True,True
82035298,0.00204540,2.68000000,0.00548167,1595709077021,False,True
82035299,0.00204420,35.20000000,0.07195584,1595709077362,True,True
82035300,0.00204520,0.22000000,0.00044994,1595709077518,False,True
82035301,0.00204420,17.59000000,0.03595747,1595709077542,True,True
82035302,0.00204420,14.15000000,0.02892543,1595709079467,True,True
82035303,0.00204420,47.50000000,0.09709950,1595709079469,True,True
82035304,0.00204420,0.98000000,0.00200331,1595709079474,True,True
82035305,0.00204420,40.81000000,0.08342380,1595709079476,True,True
82035306,0.00204420,0.13000000,0.00026574,1595709079476,True,True
82035307,0.00204420,0.40000000,0.00081768,1595709079476,True,True
82035308,0.00204410,0.98000000,0.00200321,1595709079481,True,True
82035309,0.00204400,2.59000000,0.00529396,1595709079481,True,True
82035310,0.00204400,0.19000000,0.00038836,1595709079481,True,True
82035311,0.00204400,2.69000000,0.00549836,1595709079481,True,True
82035312,0.00204400,0.31000000,0.00063364,1595709079483,True,True
82035313,0.00204400,0.10000000,0.00020440,1595709079483,True,True
82035314,0.00204400,0.36000000,0.00073584,1595709079483,True,True
82035315,0.00204400,0.14000000,0.00028616,1595709079483,True,True
82035316,0.00204400,0.07000000,0.00014308,1595709079483,True,True
82035317,0.00204390,0.60000000,0.00122634,1595709079483,True,True
82035318,0.00204390,0.17000000,0.00034746,1595709079483,True,True
82035319,0.00204370,0.06000000,0.00012262,1595709079483,True,True
82035320,0.00204370,0.29000000,0.00059267,1595709079488,True,True
82035321,0.00204370,0.09000000,0.00018393,1595709079488,True,True
82035322,0.00204370,0.37000000,0.00075616,1595709079488,True,True
82035323,0.00204360,0.21000000,0.00042915,1595709079488,True,True
82035324,0.00204360,0.75000000,0.00153270,1595709079593,True,True
82035325,0.00204350,0.08000000,0.00016348,1595709079593,True,True
82035326,0.00204350,0.15000000,0.00030652,1595709079593,True,True
82035327,0.00204340,0.85000000,0.00173689,1595709079593,True,True
82035328,0.00204340,0.28000000,0.00057215,1595709079593,True,True
82035329,0.00204330,0.41000000,0.00083775,1595709079593,True,True
82035330,0.00204320,0.76000000,0.00155283,1595709079593,True,True
82035331,0.00204320,0.07000000,0.00014302,1595709079593,True,True
82035332,0.00204320,0.10000000,0.00020432,1595709079593,True,True
82035333,0.00204320,0.50000000,0.00102160,1595709079593,True,True
82035334,0.00204320,0.08000000,0.00016345,1595709079593,True,True
82035335,0.00204320,0.17000000,0.00034734,1595709079593,True,True
82035336,0.00204320,0.14000000,0.00028604,1595709079593,True,True
82035337,0.00204320,0.65000000,0.00132808,1595709079593,True,True
82035338,0.00204320,1.88000000,0.00384121,1595709079593,True,True
82035339,0.00204320,40.63000000,0.08301521,1595709079593,True,True
82035340,0.00204320,47.73000000,0.09752193,1595709079606,True,True
82035341,0.00204320,8.24000000,0.01683596,1595709079613,True,True
82035342,0.00204460,22.16000000,0.04530833,1595709079683,False,True
82035343,0.00204320,22.15000000,0.04525688,1595709079699,True,True
82035344,0.00204460,12.08000000,0.02469876,1595709079758,False,True
82035345,0.00204460,10.04000000,0.02052778,1595709079758,False,True
82035346,0.00204370,0.98000000,0.00200282,1595709079993,True,True
82035347,0.00204310,1.00000000,0.00204310,1595709079993,True,True
82035348,0.00204310,0.13000000,0.00026560,1595709079993,True,True
82035349,0.00204310,0.13000000,0.00026560,1595709079993,True,True
82035350,0.00204310,6.68000000,0.01364790,1595709079993,True,True
82035351,0.00204310,0.25000000,0.00051077,1595709079993,True,True
82035352,0.00204310,0.05000000,0.00010215,1595709079993,True,True
82035353,0.00204300,3.00000000,0.00612900,1595709079993,True,True
82035354,0.00204290,0.13000000,0.00026557,1595709079993,True,True
82035355,0.00204290,0.06000000,0.00012257,1595709079993,True,True
82035356,0.00204290,2.88000000,0.00588355,1595709079993,True,True
82035357,0.00204290,0.89000000,0.00181818,1595709079993,True,True
82035358,0.00204280,0.32000000,0.00065369,1595709079993,True,True
82035359,0.00204280,1.00000000,0.00204280,1595709079993,True,True
82035360,0.00204280,0.22000000,0.00044941,1595709079993,True,True
82035361,0.00204280,0.17000000,0.00034727,1595709079993,True,True
82035362,0.00204270,1.18000000,0.00241038,1595709079993,True,True
82035363,0.00204270,0.06000000,0.00012256,1595709079993,True,True
82035364,0.00204260,0.09000000,0.00018383,1595709079993,True,True
82035365,0.00204260,5.36000000,0.01094833,1595709079993,True,True
82035366,0.00204250,2.56000000,0.00522880,1595709079993,True,True
82035367,0.00204250,0.06000000,0.00012255,1595709079993,True,True
82035368,0.00204240,0.09000000,0.00018381,1595709079993,True,True
82035369,0.00204240,5.45000000,0.01113108,1595709079993,True,True
82035370,0.00204230,0.45000000,0.00091903,1595709079993,True,True
82035371,0.00204230,6.30000000,0.01286649,1595709079993,True,True
82035372,0.00204230,0.93000000,0.00189933,1595709079993,True,True
82035373,0.00204220,0.20000000,0.00040844,1595709079993,True,True
82035374,0.00204220,0.31000000,0.00063308,1595709079993,True,True
82035375,0.00204220,0.24000000,0.00049012,1595709079993,True,True
82035376,0.00204210,0.07000000,0.00014294,1595709079993,True,True
82035377,0.00204210,31.00000000,0.06330510,1595709079993,True,True
82035378,0.00204210,4.10000000,0.00837261,1595709079993,True,True
82035379,0.00204370,0.98000000,0.00200282,1595709080315,True,True
82035380,0.00204330,0.98000000,0.00200243,1595709080897,True,True
82035381,0.00204380,1.17000000,0.00239124,1595709081343,False,True
82035382,0.00204360,0.98000000,0.00200272,1595709081900,False,True
82035383,0.00204360,0.82000000,0.00167575,1595709082342,False,True
82035384,0.00204300,87.35000000,0.17845605,1595709082604,True,True
82035385,0.00204350,0.15000000,0.00030652,1595709083340,False,True
82035386,0.00204290,0.97000000,0.00198161,1595709083629,True,True
82035387,0.00204280,4.07000000,0.00831419,1595709083629,True,True
82035388,0.00204350,0.97000000,0.00198219,1595709084305,False,True
82035389,0.00204340,133.98000000,0.27377473,1595709084414,False,True
82035390,0.00204340,0.01000000,0.00002043,1595709084414,False,True
82035391,0.00204350,54.94000000,0.11226989,1595709086498,False,True
82035392,0.00204360,50.00000000,0.10218000,1595709086897,False,True
82035393,0.00204370,2.94000000,0.00600847,1595709086906,False,True
82035394,0.00204370,0.47000000,0.00096053,1595709086906,False,True
82035395,0.00204390,46.79000000,0.09563408,1595709086906,False,True
82035396,0.00204390,1.46000000,0.00298409,1595709086906,False,True
82035397,0.00204450,54.90000000,0.11224305,1595709089197,False,True
82035398,0.00204350,18.69000000,0.03819301,1595709091487,True,True
82035399,0.00204470,107.66000000,0.22013240,1595709092692,False,True
82035400,0.00204360,124.70000000,0.25483692,1595709099346,False,True
82035401,0.00204370,0.59000000,0.00120578,1595709099398,False,True
82035402,0.00204310,0.74000000,0.00151189,1595709103536,True,True
82035403,0.00204370,6.35000000,0.01297749,1595709104366,False,True
82035404,0.00204390,0.54000000,0.00110370,1595709104366,False,True
82035405,0.00204390,93.11000000,0.19030752,1595709104366,False,True
82035406,0.00204390,53.29000000,0.10891943,1595709104403,False,True
82035407,0.00204400,47.05000000,0.09617020,1595709104403,False,True
82035408,0.00204410,10.01000000,0.02046144,1595709104424,False,True
82035409,0.00204410,0.98000000,0.00200321,1595709104518,False,True
82035410,0.00204410,36.92000000,0.07546817,1595709104603,False,True
82035411,0.00204450,1.33000000,0.00271918,1595709105267,False,True
82035412,0.00204460,3.36000000,0.00686985,1595709105267,False,True
82035413,0.00204540,0.57000000,0.00116587,1595709105267,False,True
82035414,0.00204520,14.70000000,0.03006444,1595709107797,False,True
82035415,0.00204520,106.40000000,0.21760928,1595709107812,False,True
82035416,0.00204520,12.39000000,0.02534002,1595709107823,True,True
82035417,0.00204520,2.31000000,0.00472441,1595709107909,True,True
82035418,0.00204530,1.00000000,0.00204530,1595709108971,False,True
82035419,0.00204530,0.05000000,0.00010226,1595709110566,False,True
82035420,0.00204530,11.44000000,0.02339823,1595709125421,False,True
82035421,0.00204500,1.58000000,0.00323110,1595709125763,True,True
82035422,0.00204540,0.05000000,0.00010227,1595709126865,False,True
82035423,0.00204620,1.95000000,0.00399009,1595709128239,False,True
82035424,0.00204660,8.02000000,0.01641373,1595709128239,False,True
82035425,0.00204670,0.05000000,0.00010233,1595709130103,False,True
82035426,0.00204670,2.00000000,0.00409340,1595709131811,False,True
82035427,0.00204660,102.46000000,0.20969463,1595709132654,False,True
82035428,0.00204680,2.16000000,0.00442108,1595709136739,False,True
82035429,0.00204680,0.99000000,0.00202633,1595709136739,False,True
82035430,0.00204720,1.00000000,0.00204720,1595709137300,False,True
82035431,0.00204740,0.05000000,0.00010237,1595709139661,False,True
82035432,0.00204730,124.96000000,0.25583060,1595709142123,False,True
82035433,0.00204740,1.04000000,0.00212929,1595709142147,False,True
82035434,0.00204760,1.57000000,0.00321473,1595709142147,False,True
82035435,0.00204760,0.05000000,0.00010238,1595709143169,False,True
82035436,0.00204750,0.35000000,0.00071662,1595709147086,False,True
82035437,0.00204680,0.15000000,0.00030702,1595709147363,True,True
82035438,0.00204680,9.22000000,0.01887149,1595709147627,True,True
82035439,0.00204670,69.55000000,0.14234798,1595709147627,True,True
82035440,0.00204660,2.53000000,0.00517789,1595709147627,True,True
82035441,0.00204650,5.35000000,0.01094877,1595709147627,True,True
82035442,0.00204640,4.26000000,0.00871766,1595709147627,True,True
82035443,0.00204640,4.03000000,0.00824699,1595709147627,True,True
82035444,0.00204580,45.45000000,0.09298161,1595709147627,True,True
82035445,0.00204580,359.61000000,0.73569013,1595709147636,False,True
82035446,0.00204750,127.03000000,0.26009392,1595709148608,False,True
82035447,0.00204760,0.27000000,0.00055285,1595709149478,False,True
82035448,0.00204760,3.30000000,0.00675708,1595709149478,False,True
82035449,0.00204760,8.89000000,0.01820316,1595709149532,True,True
82035450,0.00204670,5.35000000,0.01094984,1595709150433,True,True
82035451,0.00204740,1.68000000,0.00343963,1595709151825,False,True
82035452,0.00204740,2.66000000,0.00544608,1595709151825,False,True
82035453,0.00204780,145.70000000,0.29836446,1595709151825,False,True
82035454,0.00204790,2.04000000,0.00417771,1595709151825,False,True
82035455,0.00204800,0.10000000,0.00020480,1595709151825,False,True
82035456,0.00204800,54.83000000,0.11229184,1595709151825,False,True
82035457,0.00204810,3.65000000,0.00747556,1595709151825,False,True
82035458,0.00204830,9.96000000,0.02040106,1595709151825,False,True
82035459,0.00204740,0.24000000,0.00049137,1595709152081,False,True
82035460,0.00204640,0.36000000,0.00073670,1595709152401,True,True
82035461,0.00204760,2.31000000,0.00472995,1595709152536,False,True
82035462,0.00204660,0.12000000,0.00024559,1595709154830,True,True
82035463,0.00204700,148.82000000,0.30463454,1595709162309,True,True
82035464,0.00204720,0.18000000,0.00036849,1595709165064,False,True
82035465,0.00204710,0.05000000,0.00010235,1595709171826,False,True
82035466,0.00204650,5.39000000,0.01103063,1595709175321,True,True
82035467,0.00204650,15.22000000,0.03114773,1595709176767,True,True
82035468,0.00204660,2.02000000,0.00413413,1595709177609,False,True
82035469,0.00204700,0.01000000,0.00002047,1595709177609,False,True
82035470,0.00204700,1.23000000,0.00251781,1595709177983,False,True
82035471,0.00204690,2.39000000,0.00489209,1595709178719,False,True
82035472,0.00204690,14.73000000,0.03015083,1595709179038,False,True
82035473,0.00204700,0.90000000,0.00184230,1595709179038,False,True
82035474,0.00204800,13.97000000,0.02861056,1595709179038,False,True
82035475,0.00204800,0.93000000,0.00190464,1595709179075,False,True
82035476,0.00204710,1.67000000,0.00341865,1595709179808,False,True
82035477,0.00204710,0.12000000,0.00024565,1595709179808,False,True
82035478,0.00204710,1.31000000,0.00268170,1595709180174,False,True
82035479,0.00204730,1.72000000,0.00352135,1595709180532,False,True
82035480,0.00204670,2.45000000,0.00501441,1595709181823,True,True
82035481,0.00204650,0.28000000,0.00057302,1595709181823,True,True
82035482,0.00204540,9.25000000,0.01891995,1595709181823,True,True
82035483,0.00204720,0.87000000,0.00178106,1595709182956,False,True
82035484,0.00204700,68.49000000,0.14019903,1595709186110,False,True
82035485,0.00204650,0.07000000,0.00014325,1595709187643,True,True
82035486,0.00204690,0.83000000,0.00169892,1595709193056,False,True
82035487,0.00204660,49.22000000,0.10073365,1595709194265,False,True
82035488,0.00204660,49.22000000,0.10073365,1595709194287,False,True
82035489,0.00204660,10.70000000,0.02189862,1595709194288,False,True
82035490,0.00204660,0.86000000,0.00176007,1595709194304,False,True
82035491,0.00204760,87.19000000,0.17853024,1595709198376,False,True
82035492,0.00204720,0.58000000,0.00118737,1595709199520,True,True
82035493,0.00204770,60.24000000,0.12335344,1595709206653,False,True
82035494,0.00204770,3.46000000,0.00708504,1595709210325,True,True
82035495,0.00204770,3.05000000,0.00624548,1595709213754,True,True
82035496,0.00204780,0.11000000,0.00022525,1595709214148,False,True
82035497,0.00204770,2.30000000,0.00470971,1595709214982,True,True
82035498,0.00204770,81.00000000,0.16586370,1595709215553,False,True
82035499,0.00204770,0.21000000,0.00043001,1595709218263,False,True
82035500,0.00204770,1.00000000,0.00204770,1595709218681,False,True
82035501,0.00204760,0.08000000,0.00016380,1595709220322,True,True
82035502,0.00204750,7.30000000,0.01494675,1595709220322,True,True
82035503,0.00204760,145.35000000,0.29761866,1595709220987,False,True
82035504,0.00204770,0.37000000,0.00075764,1595709222527,False,True
82035505,0.00204780,1.10000000,0.00225258,1595709222527,False,True
82035506,0.00204780,2.27000000,0.00464850,1595709222887,False,True
82035507,0.00204780,1.39000000,0.00284644,1595709223242,False,True
82035508,0.00204780,0.80000000,0.00163824,1595709223637,False,True
82035509,0.00204780,1.10000000,0.00225258,1595709223990,False,True
82035510,0.00204780,0.71000000,0.00145393,1595709224354,False,True
82035511,0.00204780,0.33000000,0.00067577,1595709224662,False,True
82035512,0.00204750,1.83000000,0.00374692,1595709224974,True,True
82035513,0.00204770,0.30000000,0.00061431,1595709227151,False,True
82035514,0.00204710,2.10000000,0.00429891,1595709228592,True,True
82035515,0.00204700,2.19000000,0.00448293,1595709229829,True,True
82035516,0.00204700,3.49000000,0.00714403,1595709229829,True,True
82035517,0.00204670,2.03000000,0.00415480,1595709229829,True,True
82035518,0.00204720,2.14000000,0.00438100,1595709230657,True,True
82035519,0.00204710,1.87000000,0.00382807,1595709232592,True,True
82035520,0.00204760,145.89000000,0.29872436,1595709234723,False,True
82035521,0.00204770,0.91000000,0.00186340,1595709240612,False,True
82035522,0.00204780,0.09000000,0.00018430,1595709240612,False,True
82035523,0.00204780,0.18000000,0.00036860,1595709242018,False,True
82035524,0.00204770,96.57000000,0.19774638,1595709247745,False,True
82035525,0.00204700,23.54000000,0.04818638,1595709249187,True,True
82035526,0.00204680,1.86000000,0.00380704,1595709249200,True,True
82035527,0.00204650,5.77000000,0.01180830,1595709249995,True,True
82035528,0.00204540,89.45000000,0.18296103,1595709251414,True,True
82035529,0.00204550,4.88000000,0.00998204,1595709251860,True,True
82035530,0.00204550,5.78000000,0.01182299,1595709251863,True,True
82035531,0.00204610,88.81000000,0.18171414,1595709253089,False,True
82035532,0.00204660,2.09000000,0.00427739,1595709253288,False,True
82035533,0.00204670,2.37000000,0.00485067,1595709253487,False,True
82035534,0.00204690,1.73000000,0.00354113,1595709254466,False,True
82035535,0.00204690,2.49000000,0.00509678,1595709256831,True,True
82035536,0.00204680,3.20000000,0.00654976,1595709256831,True,True
82035537,0.00204670,83.35000000,0.17059244,1595709256831,True,True
82035538,0.00204650,3.79000000,0.00775623,1595709260332,True,True
82035539,0.00204660,2.34000000,0.00478904,1595709261297,False,True
82035540,0.00204660,0.83000000,0.00169867,1595709261297,False,True
82035541,0.00204750,55.17000000,0.11296057,1595709261531,False,True
82035542,0.00204760,2.27000000,0.00464805,1595709262034,False,True
82035543,0.00204770,3.87000000,0.00792459,1595709263734,False,True
82035544,0.00204690,90.97000000,0.18620649,1595709267478,True,True
82035545,0.00204770,1.33000000,0.00272344,1595709267943,False,True
82035546,0.00204770,2.00000000,0.00409540,1595709268342,False,True
82035547,0.00204650,1.35000000,0.00276277,1595709273703,True,True
82035548,0.00204660,0.27000000,0.00055258,1595709275172,True,True
82035549,0.00204740,0.10000000,0.00020474,1595709280493,False,True
82035550,0.00204680,62.06000000,0.12702440,1595709282386,True,True
82035551,0.00204740,1.07000000,0.00219071,1595709283170,False,True
82035552,0.00204740,0.09000000,0.00018426,1595709283191,False,True
82035553,0.00204580,1.97000000,0.00403022,1595709283244,True,True
82035554,0.00204580,40.61000000,0.08307993,1595709283244,True,True
82035555,0.00204730,0.65000000,0.00133074,1595709283686,False,True
82035556,0.00204590,0.06000000,0.00012275,1595709283901,True,True
82035557,0.00204740,2.76000000,0.00565082,1595709284932,False,True
82035558,0.00204750,0.43000000,0.00088042,1595709284932,False,True
82035559,0.00204740,0.12000000,0.00024568,1595709287956,False,True
82035560,0.00204610,86.74000000,0.17747871,1595709288452,True,True
82035561,0.00204730,1.65000000,0.00337804,1595709293090,False,True
82035562,0.00204770,1.42000000,0.00290773,1595709293090,False,True
82035563,0.00204770,4.93000000,0.01009516,1595709293090,False,True
82035564,0.00204690,113.29000000,0.23189330,1595709295856,True,True
82035565,0.00204640,126.54000000,0.25895145,1595709301612,True,True
82035566,0.00204710,1.88000000,0.00384854,1595709304240,False,True
82035567,0.00204770,3.35000000,0.00685979,1595709304240,False,True
82035568,0.00204780,0.76000000,0.00155632,1595709304240,False,True
82035569,0.00204600,4.61000000,0.00943206,1595709304636,True,True
82035570,0.00204600,4.07000000,0.00832722,1595709304638,True,True
82035571,0.00204600,0.08000000,0.00016368,1595709305238,True,True
82035572,0.00204660,0.20000000,0.00040932,1595709306110,False,True
82035573,0.00204710,2.30000000,0.00470833,1595709307243,False,True
82035574,0.00204760,3.44000000,0.00704374,1595709307243,False,True
82035575,0.00204770,0.25000000,0.00051192,1595709307243,False,True
82035576,0.00204710,0.05000000,0.00010235,1595709307518,False,True
82035577,0.00204620,0.17000000,0.00034785,1595709309615,True,True
82035578,0.00204660,1.64000000,0.00335642,1595709310244,False,True
82035579,0.00204760,1.35000000,0.00276426,1595709310244,False,True
82035580,0.00204770,3.00000000,0.00614310,1595709310244,False,True
82035581,0.00204660,68.21000000,0.13959858,1595709310556,False,True
82035582,0.00204620,8.76000000,0.01792471,1595709312094,True,True
82035583,0.00204700,1.89000000,0.00386883,1595709313261,False,True
82035584,0.00204730,4.10000000,0.00839393,1595709313261,False,True
82035585,0.00204670,1.80000000,0.00368406,1595709313429,True,True
82035586,0.00204640,2.25000000,0.00460440,1595709314324,True,True
82035587,0.00204630,33.30000000,0.06814179,1595709314324,True,True
82035588,0.00204630,102.75000000,0.21025732,1595709314328,True,True
82035589,0.00204680,0.50000000,0.00102340,1595709314441,False,True
82035590,0.00204600,95.00000000,0.19437000,1595709314473,True,True
82035591,0.00204600,2.16000000,0.00441936,1595709314473,True,True
82035592,0.00204600,95.00000000,0.19437000,1595709314473,True,True
82035593,0.00204600,21.64000000,0.04427544,1595709314478,True,True
82035594,0.00204600,20.00000000,0.04092000,1595709314479,True,True
82035595,0.00204600,0.12000000,0.00024552,1595709314480,True,True
82035596,0.00204600,1.73000000,0.00353958,1595709314481,True,True
82035597,0.00204600,7.72000000,0.01579512,1595709314585,True,True
82035598,0.00204580,0.12000000,0.00024549,1595709315026,True,True
82035599,0.00204540,0.19000000,0.00038862,1595709315151,True,True
82035600,0.00204540,0.08000000,0.00016363,1595709315166,True,True
82035601,0.00204540,9.80000000,0.02004492,1595709315903,True,True
82035602,0.00204570,4.11000000,0.00840782,1595709316270,False,True
82035603,0.00204580,1.88000000,0.00384610,1595709316270,False,True
82035604,0.00204550,145.25000000,0.29710887,1595709316555,True,True
82035605,0.00204540,42.94000000,0.08782947,1595709318408,True,True
82035606,0.00204540,171.92000000,0.35164516,1595709318421,True,True
82035607,0.00204530,36.15000000,0.07393759,1595709318431,True,True
82035608,0.00204530,36.85000000,0.07536930,1595709318431,True,True
82035609,0.00204460,0.28000000,0.00057248,1595709318838,True,True
82035610,0.00204470,2.93000000,0.00599097,1595709319263,False,True
82035611,0.00204470,1.56000000,0.00318973,1595709319263,False,True
82035612,0.00204480,1.50000000,0.00306720,1595709319263,False,True
82035613,0.00204460,2.87000000,0.00586800,1595709321826,False,True
82035614,0.00204410,64.09000000,0.13100636,1595709321826,True,True
82035615,0.00204460,2.76000000,0.00564309,1595709322266,False,True
82035616,0.00204470,3.23000000,0.00660438,1595709322266,False,True
82035617,0.00204450,5.35000000,0.01093807,1595709322427,False,True
82035618,0.00204460,2.68000000,0.00547952,1595709322435,False,True
82035619,0.00204450,88.81000000,0.18157204,1595709322530,False,True
82035620,0.00204470,17.12000000,0.03500526,1595709322536,False,True
82035621,0.00204520,1.37000000,0.00280192,1595709322547,False,True
82035622,0.00204520,4.61000000,0.00942837,1595709323440,False,True
82035623,0.00204520,5.99000000,0.01225074,1595709325281,False,True
82035624,0.00204410,4.00000000,0.00817640,1595709325332,True,True
82035625,0.00204510,0.24000000,0.00049082,1595709326281,False,True
82035626,0.00204490,2.57000000,0.00525539,1595709328291,False,True
82035627,0.00204500,3.42000000,0.00699390,1595709328291,False,True
82035628,0.00204400,0.06000000,0.00012264,1595709329682,True,True
82035629,0.00204460,5.99000000,0.01224715,1595709331299,False,True
82035630,0.00204460,17.55000000,0.03588273,1595709331639,False,True
82035631,0.00204470,9.63000000,0.01969046,1595709331833,False,True
82035632,0.00204530,90.34000000,0.18477240,1595709333827,False,True
82035633,0.00204540,0.15000000,0.00030681,1595709335702,False,True
82035634,0.00204530,0.50000000,0.00102265,1595709339485,False,True
82035635,0.00204590,2.45000000,0.00501245,1595709340241,False,True
82035636,0.00204480,137.12000000,0.28038297,1595709340532,True,True
82035637,0.00204480,34.35000000,0.07023888,1595709340810,True,True
82035638,0.00204490,2.56000000,0.00523494,1595709342816,True,True
82035639,0.00204490,2.79000000,0.00570527,1595709344176,True,True
82035640,0.00204490,1.31000000,0.00267881,1595709344176,True,True
82035641,0.00204600,0.12000000,0.00024552,1595709346077,False,True
82035642,0.00204480,4.55000000,0.00930384,1595709350696,True,True
82035643,0.00204540,0.60000000,0.00122724,1595709354539,False,True
82035644,0.00204490,130.32000000,0.26649136,1595709354921,True,True
82035645,0.00204480,3.79000000,0.00774979,1595709357805,True,True
82035646,0.00204550,0.66000000,0.00135003,1595709358551,False,True
82035647,0.00204600,0.84000000,0.00171864,1595709367466,False,True
82035648,0.00204600,0.07000000,0.00014322,1595709367694,False,True
82035649,0.00204490,0.05000000,0.00010224,1595709369911,True,True
82035650,0.00204410,67.38000000,0.13773145,1595709370765,True,True
82035651,0.00204400,34.64000000,0.07080416,1595709371349,True,True
82035652,0.00204460,0.15000000,0.00030669,1595709378272,False,True
82035653,0.00204430,10.00000000,0.02044300,1595709379891,False,True
82035654,0.00204430,4.93000000,0.01007839,1595709379891,False,True
82035655,0.00204410,7.15000000,0.01461531,1595709380516,False,True
82035656,0.00204400,0.79000000,0.00161476,1595709381825,True,True
82035657,0.00204400,2.87000000,0.00586628,1595709382523,True,True
82035658,0.00204410,111.63000000,0.22818288,1595709382755,True,True
82035659,0.00204400,5.20000000,0.01062880,1595709383196,True,True
82035660,0.00204400,11.94000000,0.02440536,1595709383567,True,True
82035661,0.00204400,1.72000000,0.00351568,1595709383567,True,True
82035662,0.00204340,2.45000000,0.00500633,1595709384063,True,True
82035663,0.00204340,6.62000000,0.01352730,1595709384305,True,True
82035664,0.00204390,0.31000000,0.00063360,1595709384688,False,True
82035665,0.00204340,12.47000000,0.02548119,1595709385145,True,True
82035666,0.00204340,14.53000000,0.02969060,1595709385145,True,True
82035667,0.00204380,26.20000000,0.05354756,1595709386062,False,True
82035668,0.00204350,6.83000000,0.01395710,1595709386701,False,True
82035669,0.00204340,17.60000000,0.03596384,1595709387044,True,True
82035670,0.00204340,5.87000000,0.01199475,1595709387185,True,True
82035671,0.00204340,5.68000000,0.01160651,1595709390343,True,True
82035672,0.00204350,4.44000000,0.00907314,1595709391296,False,True
82035673,0.00204350,6.93000000,0.01416145,1595709391296,False,True
