id,price,qty,quoteQty,time,isBuyerMaker,isBestMatch
81761201,0.00188030,9.72000000,0.01827651,1595459749312,False,True
81761202,0.00188030,0.07000000,0.00013162,1595459749361,False,True
81761203,0.00188020,0.18000000,0.00033843,1595459750494,True,True
81761204,0.00188020,0.22000000,0.00041364,1595459751463,True,True
81761205,0.00188020,0.22000000,0.00041364,1595459753468,True,True
81761206,0.00188030,0.21000000,0.00039486,1595459754094,False,True
81761207,0.00188030,15.25000000,0.02867457,1595459754127,False,True
81761208,0.00188090,13.89000000,0.02612570,1595459754127,False,True
81761209,0.00188090,4.67000000,0.00878380,1595459754198,False,True
81761210,0.00188090,9.71000000,0.01826353,1595459754721,False,True
81761211,0.00188090,9.71000000,0.01826353,1595459755323,False,True
81761212,0.00188070,1.53000000,0.00287747,1595459756176,True,True
81761213,0.00188070,3.53000000,0.00663887,1595459756176,True,True
81761214,0.00188030,2.24000000,0.00421187,1595459756176,True,True
81761215,0.00188080,0.22000000,0.00041377,1595459758470,True,True
81761216,0.00188080,0.50000000,0.00094040,1595459759459,True,True
81761217,0.00188080,0.22000000,0.00041377,1595459759470,True,True
81761218,0.00188090,0.14000000,0.00026332,1595459759574,False,True
81761219,0.00188090,0.20000000,0.00037618,1595459759797,False,True
81761220,0.00188040,0.18000000,0.00033847,1595459763665,True,True
81761221,0.00188060,1.94000000,0.00364836,1595459764588,True,True
81761222,0.00188050,1.77000000,0.00332848,1595459764588,True,True
81761223,0.00188030,4.65000000,0.00874339,1595459764588,True,True
81761224,0.00188090,6.28000000,0.01181205,1595459764713,False,True
81761225,0.00188080,0.50000000,0.00094040,1595459766211,False,True
81761226,0.00188050,1.89000000,0.00355414,1595459766475,True,True
81761227,0.00188040,3.78000000,0.00710791,1595459766475,True,True
81761228,0.00188080,0.18000000,0.00033854,1595459767142,False,True
81761229,0.00188050,1.84000000,0.00346012,1595459768639,True,True
81761230,0.00188030,0.01000000,0.00001880,1595459768639,True,True
81761231,0.00188030,3.63000000,0.00682548,1595459768639,True,True
81761232,0.00188030,5.48000000,0.01030404,1595459768639,True,True
81761233,0.00188030,5.48000000,0.01030404,1595459768639,True,True
81761234,0.00188030,0.92000000,0.00172987,1595459768640,True,True
81761235,0.00188030,2.20000000,0.00413666,1595459768640,True,True
81761236,0.00188020,2.36000000,0.00443727,1595459768640,True,True
81761237,0.00188020,5.48000000,0.01030349,1595459768640,True,True
81761238,0.00188020,5.48000000,0.01030349,1595459768640,True,True
81761239,0.00188020,5.48000000,0.01030349,1595459768640,True,True
81761240,0.00188020,5.48000000,0.01030349,1595459768640,True,True
81761241,0.00188020,5.48000000,0.01030349,1595459768640,True,True
81761242,0.00188020,5.48000000,0.01030349,1595459768640,True,True
81761243,0.00188020,5.48000000,0.01030349,1595459768640,True,True
81761244,0.00188020,5.48000000,0.01030349,1595459768640,True,True
81761245,0.00188020,5.48000000,0.01030349,1595459768641,True,True
81761246,0.00188020,19.10000000,0.03591182,1595459768641,True,True
81761247,0.00188020,2.61000000,0.00490732,1595459768641,True,True
81761248,0.00188020,2.84000000,0.00533976,1595459768641,True,True
81761249,0.00188000,2.64000000,0.00496320,1595459768641,True,True
81761250,0.00188000,5.48000000,0.01030240,1595459768642,True,True
81761251,0.00188000,5.48000000,0.01030240,1595459768642,True,True
81761252,0.00188000,5.48000000,0.01030240,1595459768642,True,True
81761253,0.00188000,5.48000000,0.01030240,1595459768642,True,True
81761254,0.00188000,5.48000000,0.01030240,1595459768642,True,True
81761255,0.00188000,5.48000000,0.01030240,1595459768642,True,True
81761256,0.00188000,5.48000000,0.01030240,1595459768642,True,True
81761257,0.00188000,5.48000000,0.01030240,1595459768642,True,True
81761258,0.00188000,5.48000000,0.01030240,1595459768643,True,True
81761259,0.00188000,5.48000000,0.01030240,1595459768643,True,True
81761260,0.00188000,5.48000000,0.01030240,1595459768643,True,True
81761261,0.00188000,5.48000000,0.01030240,1595459768644,True,True
81761262,0.00188000,5.48000000,0.01030240,1595459768644,True,True
81761263,0.00188000,5.48000000,0.01030240,1595459768644,True,True
81761264,0.00188000,5.48000000,0.01030240,1595459768644,True,True
81761265,0.00188000,5.48000000,0.01030240,1595459768644,True,True
81761266,0.00188000,5.48000000,0.01030240,1595459768644,True,True
81761267,0.00188000,5.48000000,0.01030240,1595459768644,True,True
81761268,0.00188000,5.48000000,0.01030240,1595459768644,True,True
81761269,0.00188000,5.48000000,0.01030240,1595459768645,True,True
81761270,0.00188000,37.17000000,0.06987960,1595459768646,True,True
81761271,0.00187990,56.54000000,0.10628954,1595459768646,True,True
81761272,0.00187970,51.25000000,0.09633462,1595459768646,True,True
81761273,0.00187960,1.75000000,0.00328930,1595459768646,True,True
81761274,0.00187960,5.48000000,0.01030020,1595459768646,True,True
81761275,0.00187960,5.48000000,0.01030020,1595459768646,True,True
81761276,0.00187960,5.48000000,0.01030020,1595459768647,True,True
81761277,0.00187960,5.48000000,0.01030020,1595459768647,True,True
81761278,0.00187960,5.48000000,0.01030020,1595459768647,True,True
81761279,0.00187960,5.48000000,0.01030020,1595459768647,True,True
81761280,0.00187960,5.48000000,0.01030020,1595459768647,True,True
81761281,0.00187960,5.48000000,0.01030020,1595459768647,True,True
81761282,0.00187960,5.48000000,0.01030020,1595459768647,True,True
81761283,0.00187960,5.48000000,0.01030020,1595459768648,True,True
81761284,0.00187960,5.48000000,0.01030020,1595459768649,True,True
81761285,0.00188040,1.78000000,0.00334711,1595459768654,True,True
81761286,0.00187960,0.06000000,0.00011277,1595459768654,True,True
81761287,0.00188080,18.19000000,0.03421175,1595459768740,False,True
81761288,0.00188090,5.40000000,0.01015686,1595459768740,False,True
81761289,0.00188100,0.99000000,0.00186219,1595459768740,False,True
81761290,0.00188100,1.54000000,0.00289674,1595459768740,False,True
81761291,0.00188140,3.01000000,0.00566301,1595459768740,False,True
81761292,0.00188050,0.21000000,0.00039490,1595459769039,False,True
81761293,0.00187970,1.73000000,0.00325188,1595459771596,True,True
81761294,0.00187960,4.59000000,0.00862736,1595459771596,True,True
81761295,0.00187980,1.01000000,0.00189859,1595459772533,False,True
81761296,0.00187980,0.53000000,0.00099629,1595459775080,False,True
81761297,0.00188000,1.77000000,0.00332760,1595459775276,False,True
81761298,0.00188170,0.24000000,0.00045160,1595459790571,False,True
81761299,0.00188170,0.16000000,0.00030107,1595459790571,False,True
81761300,0.00188170,1.51000000,0.00284136,1595459790571,False,True
81761301,0.00188160,0.12000000,0.00022579,1595459790660,False,True
81761302,0.00188160,2.03000000,0.00381964,1595459790887,False,True
81761303,0.00188170,0.97000000,0.00182524,1595459790887,False,True
81761304,0.00188170,1.77000000,0.00333060,1595459794175,False,True
81761305,0.00188190,1.00000000,0.00188190,1595459795558,False,True
81761306,0.00188230,2.29000000,0.00431046,1595459795558,False,True
81761307,0.00188250,0.24000000,0.00045180,1595459795558,False,True
81761308,0.00188270,0.30000000,0.00056481,1595459795558,False,True
81761309,0.00188280,0.31000000,0.00058366,1595459795558,False,True
81761310,0.00188280,0.09000000,0.00016945,1595459795558,False,True
81761311,0.00188280,0.16000000,0.00030124,1595459795558,False,True
81761312,0.00188300,3.00000000,0.00564900,1595459795558,False,True
81761313,0.00188310,7.65000000,0.01440571,1595459795558,False,True
81761314,0.00188250,15.02000000,0.02827515,1595459797557,False,True
81761315,0.00188230,0.86000000,0.00161877,1595459798557,False,True
81761316,0.00188250,11.73000000,0.02208172,1595459798557,False,True
81761317,0.00188260,2.37000000,0.00446176,1595459798557,False,True
81761318,0.00188300,0.06000000,0.00011298,1595459798557,False,True
81761319,0.00188200,3.17000000,0.00596594,1595459800078,True,True
81761320,0.00188190,1.61000000,0.00302985,1595459800078,True,True
81761321,0.00188060,3.87000000,0.00727792,1595459800078,True,True
81761322,0.00188060,18.99000000,0.03571259,1595459800078,True,True
81761323,0.00188050,11.81000000,0.02220870,1595459800078,True,True
81761324,0.00188170,0.18000000,0.00033870,1595459800543,False,True
81761325,0.00188170,0.25000000,0.00047042,1595459800626,False,True
81761326,0.00188170,0.47000000,0.00088439,1595459800735,False,True
81761327,0.00188170,1.34000000,0.00252147,1595459800915,False,True
81761328,0.00188170,0.80000000,0.00150536,1595459801037,False,True
81761329,0.00188170,0.13000000,0.00024462,1595459801101,False,True
81761330,0.00188200,0.87000000,0.00163734,1595459801101,False,True
81761331,0.00188250,0.06000000,0.00011295,1595459802030,False,True
81761332,0.00188250,0.06000000,0.00011295,1595459802115,False,True
81761333,0.00188230,0.21000000,0.00039528,1595459802955,True,True
81761334,0.00188270,0.19000000,0.00035771,1595459803663,False,True
81761335,0.00188270,0.44000000,0.00082838,1595459803774,False,True
81761336,0.00188270,0.17000000,0.00032005,1595459803872,False,True
81761337,0.00188200,2.06000000,0.00387692,1595459806957,True,True
81761338,0.00188190,2.30000000,0.00432837,1595459806957,True,True
81761339,0.00188100,1.60000000,0.00300960,1595459806957,True,True
81761340,0.00188190,2.25000000,0.00423427,1595459807035,True,True
81761341,0.00188210,0.12000000,0.00022585,1595459807094,False,True
81761342,0.00188150,2.39000000,0.00449678,1595459807126,True,True
81761343,0.00188100,25.39000000,0.04775859,1595459807126,True,True
81761344,0.00188200,5.79000000,0.01089678,1595459807186,False,True
81761345,0.00188150,0.12000000,0.00022578,1595459807415,False,True
81761346,0.00188060,1.97000000,0.00370478,1595459807516,True,True
81761347,0.00188040,2.17000000,0.00408046,1595459807516,True,True
81761348,0.00188030,48.48000000,0.09115694,1595459807516,True,True
81761349,0.00188000,23.31000000,0.04382280,1595459807516,True,True
81761350,0.00188080,4.61000000,0.00867048,1595459807821,False,True
81761351,0.00188020,0.12000000,0.00022562,1595459808045,False,True
81761352,0.00187990,1.70000000,0.00319583,1595459808332,False,True
81761353,0.00188120,1.70000000,0.00319804,1595459808352,False,True
81761354,0.00188130,18.19000000,0.03422084,1595459809238,False,True
81761355,0.00188130,1.82000000,0.00342396,1595459809238,False,True
81761356,0.00188130,1.50000000,0.00282195,1595459809552,False,True
81761357,0.00188120,0.25000000,0.00047030,1595459812319,False,True
81761358,0.00188100,1.66000000,0.00312246,1595459812871,False,True
81761359,0.00188090,2.84000000,0.00534175,1595459814757,False,True
81761360,0.00188090,2.00000000,0.00376180,1595459815716,False,True
81761361,0.00188180,1.76000000,0.00331196,1595459816762,False,True
81761362,0.00188190,1.06000000,0.00199481,1595459816762,False,True
81761363,0.00188200,2.01000000,0.00378282,1595459817757,False,True
81761364,0.00188220,0.81000000,0.00152458,1595459817757,False,True
81761365,0.00188220,0.53000000,0.00099756,1595459818511,False,True
81761366,0.00188210,0.06000000,0.00011292,1595459819336,False,True
81761367,0.00188220,0.97000000,0.00182573,1595459820700,False,True
81761368,0.00188220,0.05000000,0.00009411,1595459820700,False,True
81761369,0.00188180,3.07000000,0.00577712,1595459824066,True,True
81761370,0.00188170,1.70000000,0.00319889,1595459824066,True,True
81761371,0.00188060,12.40000000,0.02331944,1595459824066,True,True
81761372,0.00188220,3.00000000,0.00564660,1595459827354,False,True
81761373,0.00188200,2.27000000,0.00427214,1595459831456,True,True
81761374,0.00188050,2.63000000,0.00494571,1595459831456,True,True
81761375,0.00188040,0.68000000,0.00127867,1595459831456,True,True
81761376,0.00188220,4.52000000,0.00850754,1595459831469,False,True
81761377,0.00188220,9.71000000,0.01827616,1595459832371,False,True
81761378,0.00188200,2.42000000,0.00455444,1595459832555,True,True
81761379,0.00188230,5.48000000,0.01031500,1595459838179,True,True
81761380,0.00188220,15.73000000,0.02960700,1595459838179,True,True
81761381,0.00188290,0.65000000,0.00122388,1595459848835,False,True
81761382,0.00188280,2.35000000,0.00442458,1595459849144,True,True
81761383,0.00188270,3.22000000,0.00606229,1595459852955,True,True
81761384,0.00188270,2.46000000,0.00463144,1595459852955,True,True
81761385,0.00188220,5.78000000,0.01087911,1595459853164,True,True
81761386,0.00188220,2.48000000,0.00466785,1595459853164,True,True
81761387,0.00188190,5.57000000,0.01048218,1595459854258,True,True
81761388,0.00188180,0.06000000,0.00011290,1595459854258,True,True
81761389,0.00188180,13.37000000,0.02515966,1595459854258,True,True
81761390,0.00188210,2.27000000,0.00427236,1595459854744,False,True
81761391,0.00188270,0.77000000,0.00144967,1595459854744,False,True
81761392,0.00188280,7.56000000,0.01423396,1595459854744,False,True
81761393,0.00188190,5.41000000,0.01018107,1595459854993,True,True
81761394,0.00188180,31.22000000,0.05874979,1595459854993,True,True
81761395,0.00188180,5.41000000,0.01018053,1595459855002,True,True
81761396,0.00188120,5.39000000,0.01013966,1595459855662,True,True
81761397,0.00188110,1.74000000,0.00327311,1595459856073,False,True
81761398,0.00188150,18.19000000,0.03422448,1595459857960,False,True
81761399,0.00188110,5.35000000,0.01006388,1595459867672,False,True
81761400,0.00188190,2.37000000,0.00446010,1595459868713,False,True
81761401,0.00188220,0.63000000,0.00118578,1595459868713,False,True
81761402,0.00188200,1.00000000,0.00188200,1595459870874,True,True
81761403,0.00188180,2.36000000,0.00444104,1595459870874,True,True
81761404,0.00188150,2.16000000,0.00406404,1595459870874,True,True
81761405,0.00188110,51.33000000,0.09655686,1595459870874,True,True
81761406,0.00188170,0.35000000,0.00065859,1595459871464,False,True
81761407,0.00188120,2.05000000,0.00385646,1595459873747,False,True
81761408,0.00188200,5.95000000,0.01119790,1595459873747,False,True
81761409,0.00188200,0.23000000,0.00043286,1595459873756,False,True
81761410,0.00188030,1.08000000,0.00203072,1595459873763,True,True
81761411,0.00188080,0.34000000,0.00063947,1595459874719,False,True
81761412,0.00188000,0.67000000,0.00125960,1595459877076,False,True
81761413,0.00188030,2.84000000,0.00534005,1595459879920,False,True
81761414,0.00188010,0.18000000,0.00033841,1595459880900,False,True
81761415,0.00188020,57.25000000,0.10764145,1595459881174,False,True
81761416,0.00188040,2.11000000,0.00396764,1595459881186,False,True
81761417,0.00188120,9.72000000,0.01828526,1595459884983,True,True
81761418,0.00188080,1.57000000,0.00295285,1595459889885,True,True
81761419,0.00187960,4.81000000,0.00904087,1595459889885,True,True
81761420,0.00188090,0.28000000,0.00052665,1595459891131,False,True
81761421,0.00188090,0.53000000,0.00099687,1595459891186,False,True
81761422,0.00188040,2.34000000,0.00440013,1595459891881,True,True
81761423,0.00187960,4.04000000,0.00759358,1595459891881,True,True
81761424,0.00188000,1.68000000,0.00315840,1595459892880,True,True
81761425,0.00187970,4.70000000,0.00883459,1595459892880,True,True
81761426,0.00188050,2.20000000,0.00413710,1595459892974,False,True
81761427,0.00188080,4.31000000,0.00810624,1595459892974,False,True
81761428,0.00188090,4.54000000,0.00853928,1595459892974,False,True
81761429,0.00188160,15.96000000,0.03003033,1595459892974,False,True
81761430,0.00188040,2.20000000,0.00413688,1595459895145,False,True
81761431,0.00188080,1.85000000,0.00347948,1595459895251,False,True
81761432,0.00188080,0.67000000,0.00126013,1595459895456,False,True
81761433,0.00188050,5.35000000,0.01006067,1595459899089,False,True
81761434,0.00188060,1.40000000,0.00263284,1595459899089,False,True
81761435,0.00188060,4.47000000,0.00840628,1595459904329,False,True
81761436,0.00188090,0.94000000,0.00176804,1595459905066,False,True
81761437,0.00188070,0.46000000,0.00086512,1595459908458,False,True
81761438,0.00188060,1.69000000,0.00317821,1595459909276,False,True
81761439,0.00188060,0.16000000,0.00030089,1595459910681,False,True
81761440,0.00188050,0.43000000,0.00080861,1595459910889,False,True
81761441,0.00188040,5.35000000,0.01006014,1595459916633,False,True
81761442,0.00188090,0.64000000,0.00120377,1595459916633,False,True
81761443,0.00188040,1.78000000,0.00334711,1595459920879,True,True
81761444,0.00188010,0.28000000,0.00052642,1595459920879,True,True
81761445,0.00187970,2.88000000,0.00541353,1595459920879,True,True
81761446,0.00187970,43.78000000,0.08229326,1595459920879,True,True
81761447,0.00188060,0.06000000,0.00011283,1595459920923,False,True
81761448,0.00188090,1.57000000,0.00295301,1595459920923,False,True
81761449,0.00188090,0.07000000,0.00013166,1595459920923,False,True
81761450,0.00188100,2.91000000,0.00547371,1595459920923,False,True
81761451,0.00188120,46.72000000,0.08788966,1595459920923,False,True
81761452,0.00188030,0.68000000,0.00127860,1595459922632,True,True
81761453,0.00188050,1.65000000,0.00310282,1595459925997,True,True
81761454,0.00188030,0.32000000,0.00060169,1595459926112,False,True
81761455,0.00188010,2.24000000,0.00421142,1595459930967,True,True
81761456,0.00188000,0.13000000,0.00024440,1595459931025,False,True
81761457,0.00187990,3.47000000,0.00652325,1595459932644,True,True
81761458,0.00187980,2.82000000,0.00530103,1595459932644,True,True
81761459,0.00187980,1.58000000,0.00297008,1595459935270,False,True
81761460,0.00187990,5.30000000,0.00996347,1595459935579,False,True
81761461,0.00188000,1.03000000,0.00193640,1595459935673,False,True
81761462,0.00188000,0.49000000,0.00092120,1595459935957,False,True
81761463,0.00187960,2.64000000,0.00496214,1595459936516,True,True
81761464,0.00187980,0.43000000,0.00080831,1595459936531,False,True
81761465,0.00187960,1.84000000,0.00345846,1595459936759,True,True
81761466,0.00187960,106.92000000,0.20096683,1595459936772,True,True
81761467,0.00187920,2.37000000,0.00445370,1595459936904,True,True
81761468,0.00187890,0.09000000,0.00016910,1595459937004,True,True
81761469,0.00187880,0.26000000,0.00048848,1595459937004,True,True
81761470,0.00187860,6.03000000,0.01132795,1595459937004,True,True
81761471,0.00187880,1.64000000,0.00308123,1595459937163,False,True
81761472,0.00187880,0.59000000,0.00110849,1595459937251,False,True
81761473,0.00187890,1.48000000,0.00278077,1595459937572,False,True
81761474,0.00187850,1.50000000,0.00281775,1595459938165,True,True
81761475,0.00187850,10.00000000,0.01878500,1595459938165,True,True
81761476,0.00187880,1.92000000,0.00360729,1595459942290,False,True
81761477,0.00187870,0.18000000,0.00033816,1595459942435,False,True
81761478,0.00187900,0.41000000,0.00077039,1595459946621,False,True
81761479,0.00187890,5.35000000,0.01005211,1595459947817,False,True
81761480,0.00187900,2.10000000,0.00394590,1595459948017,False,True
81761481,0.00187980,0.41000000,0.00077071,1595459950570,False,True
81761482,0.00188000,2.11000000,0.00396680,1595459967818,False,True
81761483,0.00188000,2.06000000,0.00387280,1595459967818,False,True
81761484,0.00188010,1.89000000,0.00355338,1595459969357,False,True
81761485,0.00188060,4.66000000,0.00876359,1595459969357,False,True
81761486,0.00187970,0.28000000,0.00052631,1595459971227,True,True
81761487,0.00187960,5.35000000,0.01005586,1595459971227,True,True
81761488,0.00187950,2.26000000,0.00424767,1595459971227,True,True
81761489,0.00187860,0.11000000,0.00020664,1595459971227,True,True
81761490,0.00188030,8.37000000,0.01573811,1595459981989,False,True
81761491,0.00188050,47.50000000,0.08932375,1595459982027,False,True
81761492,0.00188050,68.33000000,0.12849456,1595459982031,False,True
81761493,0.00188080,3.14000000,0.00590571,1595459982160,False,True
81761494,0.00188140,0.31000000,0.00058323,1595459982283,False,True
81761495,0.00188110,1.88000000,0.00353646,1595459982755,True,True
81761496,0.00188130,2.40000000,0.00451512,1595459982929,True,True
81761497,0.00188100,1.58000000,0.00297198,1595459983094,True,True
81761498,0.00188010,1.63000000,0.00306456,1595459983485,True,True
81761499,0.00188000,2.47000000,0.00464360,1595459983827,False,True
81761500,0.00187980,0.10000000,0.00018798,1595459983843,True,True
81761501,0.00187980,1.95000000,0.00366561,1595459983941,False,True
81761502,0.00187960,6.00000000,0.01127760,1595459984931,True,True
81761503,0.00187960,6.09000000,0.01144676,1595459984959,True,True
81761504,0.00187960,4.67000000,0.00877773,1595459985020,True,True
81761505,0.00187950,3.62000000,0.00680379,1595459985140,True,True
81761506,0.00187950,2.12000000,0.00398454,1595459985140,True,True
81761507,0.00187960,0.30000000,0.00056388,1595459985566,False,True
81761508,0.00187940,0.52000000,0.00097728,1595459985741,False,True
81761509,0.00187940,0.32000000,0.00060140,1595459985881,False,True
81761510,0.00187960,0.84000000,0.00157886,1595459986179,False,True
81761511,0.00187970,0.07000000,0.00013157,1595459986372,False,True
81761512,0.00187900,0.38000000,0.00071402,1595459987857,True,True
81761513,0.00187900,3.71000000,0.00697109,1595459987857,True,True
81761514,0.00187920,0.44000000,0.00082684,1595459990275,False,True
81761515,0.00187920,0.06000000,0.00011275,1595459990505,False,True
81761516,0.00187910,0.56000000,0.00105229,1595459990718,False,True
81761517,0.00187840,0.06000000,0.00011270,1595459991009,True,True
81761518,0.00187840,0.28000000,0.00052595,1595459991009,True,True
81761519,0.00187830,17.66000000,0.03317077,1595459991009,True,True
81761520,0.00187830,6.37000000,0.01196477,1595459991681,True,True
81761521,0.00187830,48.35000000,0.09081580,1595459991693,True,True
81761522,0.00187820,1.00000000,0.00187820,1595459991693,True,True
81761523,0.00187800,59.19000000,0.11115882,1595459991741,True,True
81761524,0.00187800,0.24000000,0.00045072,1595459991741,True,True
81761525,0.00187770,0.19000000,0.00035676,1595459991842,True,True
81761526,0.00187750,0.07000000,0.00013142,1595459991842,True,True
81761527,0.00187740,1.00000000,0.00187740,1595459991842,True,True
81761528,0.00187740,0.34000000,0.00063831,1595459991842,True,True
81761529,0.00187720,0.24000000,0.00045052,1595459992776,True,True
81761530,0.00187700,3.00000000,0.00563100,1595459992776,True,True
81761531,0.00187700,3.14000000,0.00589378,1595459992776,True,True
81761532,0.00187820,0.08000000,0.00015025,1595459993428,True,True
81761533,0.00187860,0.51000000,0.00095808,1595459993831,False,True
81761534,0.00187720,3.17000000,0.00595072,1595459994082,True,True
81761535,0.00187810,0.91000000,0.00170907,1595459996174,False,True
81761536,0.00187810,0.28000000,0.00052586,1595459996274,False,True
81761537,0.00187770,0.11000000,0.00020654,1595460004765,False,True
81761538,0.00187760,5.64000000,0.01058966,1595460004888,False,True
81761539,0.00187760,18.61000000,0.03494213,1595460004888,False,True
81761540,0.00187760,8.08000000,0.01517100,1595460007930,False,True
81761541,0.00187740,3.40000000,0.00638316,1595460011387,True,True
81761542,0.00187740,46.60000000,0.08748684,1595460011387,True,True
81761543,0.00187750,3.41000000,0.00640227,1595460012038,True,True
81761544,0.00187810,12.84000000,0.02411480,1595460013823,False,True
81761545,0.00187820,99.87000000,0.18757583,1595460013823,False,True
81761546,0.00187830,50.00000000,0.09391500,1595460013823,False,True
81761547,0.00187890,56.83000000,0.10677788,1595460013823,False,True
81761548,0.00187900,3.33000000,0.00625707,1595460013823,False,True
81761549,0.00187920,1.56000000,0.00293155,1595460013823,False,True
81761550,0.00187920,50.00000000,0.09396000,1595460013823,False,True
81761551,0.00187930,3.23000000,0.00607013,1595460013823,False,True
81761552,0.00187930,123.73000000,0.23252578,1595460013823,False,True
81761553,0.00187950,1.61000000,0.00302599,1595460013823,False,True
81761554,0.00187960,112.05000000,0.21060918,1595460013823,False,True
81761555,0.00187970,368.76000000,0.69315817,1595460013823,False,True
81761556,0.00187980,207.95000000,0.39090441,1595460013823,False,True
81761557,0.00187980,0.51000000,0.00095869,1595460013823,False,True
81761558,0.00187830,0.19000000,0.00035687,1595460014650,True,True
81761559,0.00187830,0.09000000,0.00016904,1595460014659,True,True
81761560,0.00187830,0.09000000,0.00016904,1595460014670,True,True
81761561,0.00187970,1.89000000,0.00355263,1595460018350,False,True
81761562,0.00187970,0.81000000,0.00152255,1595460020170,False,True
81761563,0.00187930,18.19000000,0.03418446,1595460021354,True,True
81761564,0.00187930,40.66000000,0.07641233,1595460021354,True,True
81761565,0.00187930,27.12000000,0.05096661,1595460021354,True,True
81761566,0.00187930,4.06000000,0.00762995,1595460021400,True,True
81761567,0.00187940,5.35000000,0.01005479,1595460021762,True,True
81761568,0.00187930,6.27000000,0.01178321,1595460021762,True,True
81761569,0.00187920,26.75000000,0.05026860,1595460021762,True,True
81761570,0.00187920,0.28000000,0.00052617,1595460021762,True,True
81761571,0.00187900,11.35000000,0.02132665,1595460021762,True,True
81761572,0.00187970,3.14000000,0.00590225,1595460030970,True,True
81761573,0.00187970,0.08000000,0.00015037,1595460030970,True,True
81761574,0.00187960,24.61000000,0.04625695,1595460030970,True,True
81761575,0.00187950,0.10000000,0.00018795,1595460030970,True,True
81761576,0.00187930,20.63000000,0.03876995,1595460030970,True,True
81761577,0.00187930,6.86000000,0.01289199,1595460030973,True,True
81761578,0.00187930,3.12000000,0.00586341,1595460030976,True,True
81761579,0.00187930,3.06000000,0.00575065,1595460031343,True,True
81761580,0.00187920,4.59000000,0.00862552,1595460031343,True,True
81761581,0.00187990,0.50000000,0.00093995,1595460032213,True,True
81761582,0.00188110,0.20000000,0.00037622,1595460034298,False,True
81761583,0.00188170,0.23000000,0.00043279,1595460039289,False,True
81761584,0.00188130,0.06000000,0.00011287,1595460039566,True,True
81761585,0.00188170,0.01000000,0.00001881,1595460040273,False,True
81761586,0.00188190,1.00000000,0.00188190,1595460040273,False,True
81761587,0.00188190,4.25000000,0.00799807,1595460040273,False,True
81761588,0.00188250,0.24000000,0.00045180,1595460042471,False,True
81761589,0.00188250,0.30000000,0.00056475,1595460042471,False,True
81761590,0.00188250,0.30000000,0.00056475,1595460045256,False,True
81761591,0.00188060,0.12000000,0.00022567,1595460050666,True,True
81761592,0.00188150,0.08000000,0.00015052,1595460051342,False,True
81761593,0.00188100,1.97000000,0.00370557,1595460052736,False,True
81761594,0.00188130,40.45000000,0.07609858,1595460052736,False,True
81761595,0.00188130,0.07000000,0.00013169,1595460053412,False,True
81761596,0.00188080,2.87000000,0.00539789,1595460058508,False,True
81761597,0.00188110,1.74000000,0.00327311,1595460058508,False,True
81761598,0.00188120,0.39000000,0.00073366,1595460058508,False,True
81761599,0.00188050,2.12000000,0.00398666,1595460062087,True,True
81761600,0.00188030,0.10000000,0.00018803,1595460070595,True,True
81761601,0.00188050,3.34000000,0.00628087,1595460075111,False,True
81761602,0.00188050,1.83000000,0.00344131,1595460076492,False,True
81761603,0.00188080,0.07000000,0.00013165,1595460080622,False,True
81761604,0.00188070,0.53000000,0.00099677,1595460081998,False,True
81761605,0.00188070,1.78000000,0.00334764,1595460082439,False,True
81761606,0.00188070,3.27000000,0.00614988,1595460082439,False,True
81761607,0.00188030,1.47000000,0.00276404,1595460086575,True,True
81761608,0.00188030,1.98000000,0.00372299,1595460089184,False,True
81761609,0.00188090,0.25000000,0.00047022,1595460089184,False,True
81761610,0.00188000,0.10000000,0.00018800,1595460094001,True,True
81761611,0.00187930,0.12000000,0.00022551,1595460094210,False,True
81761612,0.00187870,0.45000000,0.00084541,1595460095228,False,True
81761613,0.00187840,5.64000000,0.01059417,1595460097575,False,True
81761614,0.00187820,0.13000000,0.00024416,1595460100830,True,True
81761615,0.00187840,0.01000000,0.00001878,1595460103466,False,True
81761616,0.00187850,0.99000000,0.00185971,1595460103466,False,True
81761617,0.00187820,0.07000000,0.00013147,1595460104666,True,True
81761618,0.00187840,1.00000000,0.00187840,1595460105556,False,True
81761619,0.00187840,0.60000000,0.00112704,1595460112410,False,True
81761620,0.00187880,0.09000000,0.00016909,1595460112676,True,True
81761621,0.00187930,0.11000000,0.00020672,1595460114291,True,True
81761622,0.00188000,0.06000000,0.00011280,1595460119578,False,True
81761623,0.00187970,2.02000000,0.00379699,1595460121014,False,True
81761624,0.00187960,2.47000000,0.00464261,1595460121122,False,True
81761625,0.00187960,2.74000000,0.00515010,1595460121122,False,True
81761626,0.00187930,1.48000000,0.00278136,1595460121910,True,True
81761627,0.00188030,0.11000000,0.00020683,1595460128667,False,True
81761628,0.00188000,0.80000000,0.00150400,1595460136586,False,True
81761629,0.00188020,1.55000000,0.00291431,1595460136586,False,True
81761630,0.00188070,0.65000000,0.00122245,1595460136586,False,True
81761631,0.00188030,1.98000000,0.00372299,1595460137621,True,True
81761632,0.00188030,0.45000000,0.00084613,1595460140233,False,True
81761633,0.00188050,0.10000000,0.00018805,1595460142651,False,True
81761634,0.00188000,1.85000000,0.00347800,1595460144401,True,True
81761635,0.00188040,0.21000000,0.00039488,1595460146333,False,True
81761636,0.00188000,0.13000000,0.00024440,1595460146379,True,True
81761637,0.00187990,0.08000000,0.00015039,1595460147296,True,True
81761638,0.00187990,0.75000000,0.00140992,1595460148227,True,True
81761639,0.00187990,0.33000000,0.00062036,1595460148440,True,True
81761640,0.00187970,0.09000000,0.00016917,1595460151594,True,True
81761641,0.00187970,0.09000000,0.00016917,1595460156435,True,True
81761642,0.00188010,0.20000000,0.00037602,1595460159555,False,True
81761643,0.00188000,10.99000000,0.02066120,1595460164141,False,True
81761644,0.00188020,4.19000000,0.00787803,1595460164335,False,True
81761645,0.00188040,0.58000000,0.00109063,1595460165092,False,True
81761646,0.00188070,0.24000000,0.00045136,1595460172400,False,True
81761647,0.00188060,3.56000000,0.00669493,1595460172667,True,True
81761648,0.00188050,3.27000000,0.00614923,1595460172667,True,True
81761649,0.00188060,5.21000000,0.00979792,1595460173937,True,True
81761650,0.00188070,2.06000000,0.00387424,1595460176835,False,True
81761651,0.00188070,6.95000000,0.01307086,1595460176835,False,True
81761652,0.00188100,1.93000000,0.00363033,1595460176835,False,True
81761653,0.00188140,29.06000000,0.05467348,1595460176835,False,True
81761654,0.00188100,0.93000000,0.00174933,1595460181337,False,True
81761655,0.00188140,0.92000000,0.00173088,1595460192580,False,True
81761656,0.00188200,1.46000000,0.00274772,1595460192580,False,True
81761657,0.00188200,0.74000000,0.00139268,1595460192580,False,True
81761658,0.00188200,1.59000000,0.00299238,1595460192580,False,True
81761659,0.00188210,0.06000000,0.00011292,1595460192580,False,True
81761660,0.00188250,2.44000000,0.00459330,1595460192580,False,True
81761661,0.00188250,26.40000000,0.04969800,1595460192580,False,True
81761662,0.00188240,2.43000000,0.00457423,1595460194580,False,True
81761663,0.00188240,2.07000000,0.00389656,1595460194580,False,True
81761664,0.00188250,29.11000000,0.05479957,1595460194580,False,True
81761665,0.00188220,0.18000000,0.00033879,1595460194735,True,True
81761666,0.00188240,2.36000000,0.00444246,1595460195585,False,True
81761667,0.00188250,1.53000000,0.00288022,1595460195585,False,True
81761668,0.00188270,16.05000000,0.03021733,1595460195585,False,True
81761669,0.00188280,2.31000000,0.00434926,1595460195585,False,True
81761670,0.00188280,11.36000000,0.02138860,1595460195585,False,True
81761671,0.00188220,1.57000000,0.00295505,1595460195954,True,True
81761672,0.00188190,0.08000000,0.00015055,1595460196234,True,True
81761673,0.00188190,1.10000000,0.00207009,1595460196422,True,True
81761674,0.00188200,2.00000000,0.00376400,1595460198354,True,True
81761675,0.00188150,0.13000000,0.00024459,1595460201348,True,True
81761676,0.00188150,0.10000000,0.00018815,1595460203898,True,True
81761677,0.00188180,2.09000000,0.00393296,1595460205338,False,True
81761678,0.00188200,2.45000000,0.00461090,1595460205446,False,True
81761679,0.00188180,1.54000000,0.00289797,1595460206992,True,True
81761680,0.00188150,0.97000000,0.00182505,1595460208053,True,True
81761681,0.00188130,0.06000000,0.00011287,1595460208160,True,True
81761682,0.00188110,1.07000000,0.00201277,1595460210182,False,True
81761683,0.00188110,3.58000000,0.00673433,1595460210275,False,True
81761684,0.00188050,0.10000000,0.00018805,1595460215379,True,True
81761685,0.00188090,2.83000000,0.00532294,1595460220091,False,True
81761686,0.00188090,7.17000000,0.01348605,1595460224130,True,True
81761687,0.00188190,0.96000000,0.00180662,1595460237481,True,True
81761688,0.00188190,0.07000000,0.00013173,1595460241898,False,True
81761689,0.00188140,1.35000000,0.00253989,1595460241956,True,True
81761690,0.00188160,1.91000000,0.00359385,1595460243523,False,True
81761691,0.00188210,2.84000000,0.00534516,1595460243523,False,True
81761692,0.00188220,14.75000000,0.02776245,1595460243523,False,True
81761693,0.00188170,115.38000000,0.21711054,1595460249927,True,True
81761694,0.00188160,2.18000000,0.00410188,1595460249927,True,True
81761695,0.00188090,4.54000000,0.00853928,1595460249927,True,True
81761696,0.00188070,57.04000000,0.10727512,1595460249927,True,True
81761697,0.00188060,23.75000000,0.04466425,1595460249927,True,True
81761698,0.00188170,0.16000000,0.00030107,1595460252941,False,True
81761699,0.00188170,0.06000000,0.00011290,1595460253092,False,True
81761700,0.00188120,0.12000000,0.00022574,1595460256182,True,True
